<?xml version="1.0" encoding="UTF-8"?>
<!DOCTYPE html PUBLIC "-//W3C//DTD XHTML 1.0 Transitional//EN"
    "http://www.w3.org/TR/xhtml1/DTD/xhtml1-transitional.dtd">
<html xmlns="http://www.w3.org/1999/xhtml" xml:lang="en" lang="en">
 <head>
  <title>
</title>
<meta http-equiv="Content-Type" content="text/html;charset=utf-8" />
  <meta name='ocr-system' content='tesseract 3.04.00' />
  <meta name='ocr-capabilities' content='ocr_page ocr_carea ocr_par ocr_line ocrx_word'/>
</head>
<body>
  <div class='ocr_page' id='page_1' title='image "./bookxxiiiwithexp00livyuoft_0040.png"; bbox 0 0 1663 2718; ppageno 0'>
   <div class='ocr_carea' id='block_1_1' title="bbox 173 147 1192 291">
    <p class='ocr_par' dir='ltr' id='par_1_1' title="bbox 173 147 1192 291">
     <span class='ocr_line' id='line_1_1' title="bbox 173 147 1192 190; baseline -0.005 0"><span class='ocrx_word' id='word_1_1' title='bbox 173 152 222 190; x_wconf 81' lang='lat'><strong>28</strong></span> <span class='ocrx_word' id='word_1_2' title='bbox 474 149 587 188; x_wconf 82' lang='grc' dir='ltr'><strong>ΤΙΤΙ</strong></span> <span class='ocrx_word' id='word_1_3' title='bbox 623 149 762 187; x_wconf 89' lang='lat' dir='ltr'><strong>LIVII</strong></span> <span class='ocrx_word' id='word_1_4' title='bbox 797 147 1192 187; x_wconf 77' lang='lat' dir='ltr'><strong>HISTORIARUM</strong></span> 
     </span>
     <span class='ocr_line' id='line_1_2' title="bbox 628 249 1038 291; baseline -0.005 0"><span class='ocrx_word' id='word_1_5' title='bbox 628 250 896 291; x_wconf 83' lang='lat' dir='ltr'><strong>CHAPTER</strong></span> <span class='ocrx_word' id='word_1_6' title='bbox 939 249 1038 289; x_wconf 88' lang='lat' dir='ltr'><strong>XX.</strong></span> 
     </span>
    </p>
   </div>
   <div class='ocr_carea' id='block_1_2' title="bbox 173 321 1494 572">
    <p class='ocr_par' dir='ltr' id='par_1_2' title="bbox 173 321 1494 572">
     <span class='ocr_line' id='line_1_3' title="bbox 173 321 1491 365; baseline -0.002 -9"><span class='ocrx_word' id='word_1_7' title='bbox 173 325 355 357; x_wconf 81' lang='lat' dir='ltr'><strong>Casilinum</strong></span> <span class='ocrx_word' id='word_1_8' title='bbox 379 323 532 365; x_wconf 72' lang='lat' dir='ltr'><strong>occupied</strong></span> <span class='ocrx_word' id='word_1_9' title='bbox 557 323 603 364; x_wconf 78' lang='lat' dir='ltr'><strong>by</strong></span> <span class='ocrx_word' id='word_1_10' title='bbox 628 323 806 354; x_wconf 84' lang='lat' dir='ltr'><strong>Hannibal.</strong></span> <span class='ocrx_word' id='word_1_11' title='bbox 851 322 921 354; x_wconf 87' lang='lat' dir='ltr'><strong>The</strong></span> <span class='ocrx_word' id='word_1_12' title='bbox 946 322 1073 354; x_wconf 81' lang='lat' dir='ltr'><strong>Roman</strong></span> <span class='ocrx_word' id='word_1_13' title='bbox 1098 322 1215 354; x_wconf 78' lang='lat' dir='ltr'><strong>Senate</strong></span> <span class='ocrx_word' id='word_1_14' title='bbox 1238 321 1380 353; x_wconf 75' lang='lat' dir='ltr'><strong>rewards</strong></span> <span class='ocrx_word' id='word_1_15' title='bbox 1402 332 1491 354; x_wconf 89' lang='lat' dir='ltr'><strong>some</strong></span> 
     </span>
     <span class='ocr_line' id='line_1_4' title="bbox 217 365 1494 406; baseline -0.002 -8"><span class='ocrx_word' id='word_1_16' title='bbox 217 367 359 399; x_wconf 88' lang='lat' dir='ltr'><strong>Soldiers</strong></span> <span class='ocrx_word' id='word_1_17' title='bbox 374 367 446 398; x_wconf 84' lang='lat' dir='ltr'><strong>who</strong></span> <span class='ocrx_word' id='word_1_18' title='bbox 463 366 528 398; x_wconf 89' lang='lat' dir='ltr'><strong>had</strong></span> <span class='ocrx_word' id='word_1_19' title='bbox 543 366 667 397; x_wconf 87' lang='lat' dir='ltr'>formed</span> <span class='ocrx_word' id='word_1_20' title='bbox 681 366 764 396; x_wconf 87' lang='lat' dir='ltr'><strong>Part</strong></span> <span class='ocrx_word' id='word_1_21' title='bbox 778 366 815 397; x_wconf 88' lang='lat' dir='ltr'><strong>of</strong></span> <span class='ocrx_word' id='word_1_22' title='bbox 833 365 888 397; x_wconf 83' lang='lat' dir='ltr'><strong>the</strong></span> <span class='ocrx_word' id='word_1_23' title='bbox 910 365 1061 406; x_wconf 79' lang='lat' dir='ltr'>besieged</span> <span class='ocrx_word' id='word_1_24' title='bbox 1075 365 1103 396; x_wconf 90' lang='lat' dir='ltr'><strong>F</strong></span> <span class='ocrx_word' id='word_1_25' title='bbox 1103 375 1184 396; x_wconf 87' lang='lat' dir='ltr'><strong>orce.</strong></span> <span class='ocrx_word' id='word_1_26' title='bbox 1230 365 1299 396; x_wconf 84' lang='lat' dir='ltr'><strong>The</strong></span> <span class='ocrx_word' id='word_1_27' title='bbox 1313 365 1433 406; x_wconf 86' lang='lat' dir='ltr'><strong>People</strong></span> <span class='ocrx_word' id='word_1_28' title='bbox 1456 365 1494 397; x_wconf 83' lang='lat' dir='ltr'><strong>of</strong></span> 
     </span>
     <span class='ocr_line' id='line_1_5' title="bbox 218 407 1491 449; baseline -0.002 -8"><span class='ocrx_word' id='word_1_29' title='bbox 218 410 346 441; x_wconf 89' lang='lat' dir='ltr'><strong>Petelia</strong></span> <span class='ocrx_word' id='word_1_30' title='bbox 369 410 430 440; x_wconf 85' lang='lat' dir='ltr'><strong>ask</strong></span> <span class='ocrx_word' id='word_1_31' title='bbox 451 410 503 440; x_wconf 85' lang='lat' dir='ltr'><strong>for</strong></span> <span class='ocrx_word' id='word_1_32' title='bbox 528 420 548 440; x_wconf 91' lang='lat' dir='ltr'><strong>a</strong></span> <span class='ocrx_word' id='word_1_33' title='bbox 575 409 702 440; x_wconf 83' lang='lat' dir='ltr'><strong>Roman</strong></span> <span class='ocrx_word' id='word_1_34' title='bbox 718 409 886 440; x_wconf 85' lang='lat' dir='ltr'><strong>Garrison.</strong></span> <span class='ocrx_word' id='word_1_35' title='bbox 931 407 1099 440; x_wconf 87' lang='lat' dir='ltr'><strong>Informed</strong></span> <span class='ocrx_word' id='word_1_36' title='bbox 1122 408 1197 440; x_wconf 84' lang='lat' dir='ltr'><strong>that</strong></span> <span class='ocrx_word' id='word_1_37' title='bbox 1219 408 1297 449; x_wconf 83' lang='lat' dir='ltr'><strong>they</strong></span> <span class='ocrx_word' id='word_1_38' title='bbox 1313 412 1402 440; x_wconf 80' lang='lat' dir='ltr'><strong>must</strong></span> <span class='ocrx_word' id='word_1_39' title='bbox 1415 408 1491 439; x_wconf 85' lang='lat' dir='ltr'><strong>take</strong></span> 
     </span>
     <span class='ocr_line' id='line_1_6' title="bbox 216 450 1493 492; baseline -0.002 -8"><span class='ocrx_word' id='word_1_40' title='bbox 216 454 387 484; x_wconf 73' lang='lat' dir='ltr'><strong>Measures</strong></span> <span class='ocrx_word' id='word_1_41' title='bbox 403 452 454 483; x_wconf 84' lang='lat' dir='ltr'><strong>for</strong></span> <span class='ocrx_word' id='word_1_42' title='bbox 468 452 670 483; x_wconf 77' lang='lat' dir='ltr'><strong>themselves.</strong></span> <span class='ocrx_word' id='word_1_43' title='bbox 709 451 808 483; x_wconf 78' lang='lat' dir='ltr'><strong>Their</strong></span> <span class='ocrx_word' id='word_1_44' title='bbox 823 452 919 483; x_wconf 87' lang='lat' dir='ltr'><strong>Grief</strong></span> <span class='ocrx_word' id='word_1_45' title='bbox 929 450 994 483; x_wconf 82' lang='lat' dir='ltr'><strong>and</strong></span> <span class='ocrx_word' id='word_1_46' title='bbox 1009 451 1136 483; x_wconf 87' lang='lat' dir='ltr'><strong>Terror.</strong></span> <span class='ocrx_word' id='word_1_47' title='bbox 1174 451 1335 492; x_wconf 82' lang='lat' dir='ltr'><strong>Property</strong></span> <span class='ocrx_word' id='word_1_48' title='bbox 1350 450 1493 491; x_wconf 81' lang='lat' dir='ltr'><strong>brought</strong></span> 
     </span>
     <span class='ocr_line' id='line_1_7' title="bbox 217 493 1492 537; baseline -0.002 -10"><span class='ocrx_word' id='word_1_49' title='bbox 217 497 287 528; x_wconf 82' lang='lat' dir='ltr'><strong>into</strong></span> <span class='ocrx_word' id='word_1_50' title='bbox 320 496 376 527; x_wconf 77' lang='lat' dir='ltr'><strong>the</strong></span> <span class='ocrx_word' id='word_1_51' title='bbox 407 495 484 537; x_wconf 80' lang='lat' dir='ltr'><strong>City</strong></span> <span class='ocrx_word' id='word_1_52' title='bbox 509 496 593 526; x_wconf 85' lang='lat' dir='ltr'><strong>from</strong></span> <span class='ocrx_word' id='word_1_53' title='bbox 622 495 677 526; x_wconf 89' lang='lat' dir='ltr'><strong>the</strong></span> <span class='ocrx_word' id='word_1_54' title='bbox 704 495 860 536; x_wconf 85' lang='lat' dir='ltr'><strong>Country,</strong></span> <span class='ocrx_word' id='word_1_55' title='bbox 891 495 955 526; x_wconf 80' lang='lat' dir='ltr'><strong>and</strong></span> <span class='ocrx_word' id='word_1_56' title='bbox 984 494 1041 526; x_wconf 82' lang='lat' dir='ltr'><strong>the</strong></span> <span class='ocrx_word' id='word_1_57' title='bbox 1070 493 1176 526; x_wconf 84' lang='lat' dir='ltr'><strong>Walls</strong></span> <span class='ocrx_word' id='word_1_58' title='bbox 1206 493 1492 535; x_wconf 83' lang='lat' dir='ltr'><strong>strengthened.-—</strong></span> 
     </span>
     <span class='ocr_line' id='line_1_8' title="bbox 216 541 369 572; baseline 0 -2"><span class='ocrx_word' id='word_1_59' title='bbox 216 548 278 572; x_wconf 81' lang='lat' dir='ltr'><strong>13.c.</strong></span> <span class='ocrx_word' id='word_1_60' title='bbox 295 541 369 571; x_wconf 88' lang='lat'>216.</span> 
     </span>
    </p>
   </div>
   <div class='ocr_carea' id='block_1_3' title="bbox 176 598 1509 2490">
    <p class='ocr_par' dir='ltr' id='par_1_3' title="bbox 176 598 1509 1098">
     <span class='ocr_line' id='line_1_9' title="bbox 237 598 1494 651; baseline -0.002 -11"><span class='ocrx_word' id='word_1_61' title='bbox 237 603 274 640; x_wconf 92' lang='lat'><strong>1.</strong></span> <span class='ocrx_word' id='word_1_62' title='bbox 307 599 543 640; x_wconf 74' lang='lat' dir='ltr'>CASILINUM</span> <span class='ocrx_word' id='word_1_63' title='bbox 565 599 768 651; x_wconf 90' lang='lat' dir='ltr'><strong>oppidum</strong></span> <span class='ocrx_word' id='word_1_64' title='bbox 789 599 1004 638; x_wconf 83' lang='lat' dir='ltr'><strong>redditum</strong></span> <span class='ocrx_word' id='word_1_65' title='bbox 1032 598 1256 651; x_wconf 87' lang='lat' dir='ltr'><strong>Campanis</strong></span> <span class='ocrx_word' id='word_1_66' title='bbox 1278 601 1356 646; x_wconf 88' lang='lat' dir='ltr'><strong>est,</strong></span> <span class='ocrx_word' id='word_1_67' title='bbox 1376 598 1494 637; x_wconf 91' lang='lat' dir='ltr'><strong>firm-</strong></span> 
     </span>
     <span class='ocr_line' id='line_1_10' title="bbox 176 655 1494 710; baseline -0.002 -13"><span class='ocrx_word' id='word_1_68' title='bbox 176 661 297 698; x_wconf 90' lang='lat' dir='ltr'><strong>atum</strong></span> <span class='ocrx_word' id='word_1_69' title='bbox 331 658 699 710; x_wconf 88' lang='lat' dir='ltr'><strong>septingentorum</strong></span> <span class='ocrx_word' id='word_1_70' title='bbox 729 656 918 694; x_wconf 89' lang='lat' dir='ltr'><strong>militum</strong></span> <span class='ocrx_word' id='word_1_71' title='bbox 952 656 1003 695; x_wconf 89' lang='lat' dir='ltr'><strong>de</strong></span> <span class='ocrx_word' id='word_1_72' title='bbox 1028 657 1219 695; x_wconf 82' lang='lat' dir='ltr'><strong>exercitu</strong></span> <span class='ocrx_word' id='word_1_73' title='bbox 1239 655 1494 695; x_wconf 84' lang='lat' dir='ltr'><strong>Hannibalis</strong></span> 
     </span>
     <span class='ocr_line' id='line_1_11' title="bbox 177 712 1495 768; baseline -0.002 -14"><span class='ocrx_word' id='word_1_74' title='bbox 177 715 386 768; x_wconf 81' lang='lat' dir='ltr'><strong>praesidio,</strong></span> <span class='ocrx_word' id='word_1_75' title='bbox 427 728 494 762; x_wconf 87' lang='lat' dir='ltr'><strong>ne,</strong></span> <span class='ocrx_word' id='word_1_76' title='bbox 535 714 611 752; x_wconf 92' lang='lat' dir='ltr'><strong>ubi</strong></span> <span class='ocrx_word' id='word_1_77' title='bbox 652 713 808 752; x_wconf 83' lang='lat' dir='ltr'><strong>Poenus</strong></span> <span class='ocrx_word' id='word_1_78' title='bbox 842 713 943 752; x_wconf 89' lang='lat' dir='ltr'><strong>inde</strong></span> <span class='ocrx_word' id='word_1_79' title='bbox 993 713 1270 761; x_wconf 76' lang='lat' dir='ltr'>abscessisset,</span> <span class='ocrx_word' id='word_1_80' title='bbox 1311 712 1495 752; x_wconf 88' lang='lat' dir='ltr'><strong>Romani</strong></span> 
     </span>
     <span class='ocr_line' id='line_1_12' title="bbox 178 768 1495 825; baseline -0.003 -13"><span class='ocrx_word' id='word_1_81' title='bbox 178 774 492 825; x_wconf 80' lang='lat' dir='ltr'><strong>oppugnarent.</strong></span> <span class='ocrx_word' id='word_1_82' title='bbox 555 773 594 809; x_wconf 80' lang='lat'><strong>2.</strong></span> <span class='ocrx_word' id='word_1_83' title='bbox 626 770 898 809; x_wconf 68' lang='lat' dir='ltr'><strong>Praenestinis</strong></span> <span class='ocrx_word' id='word_1_84' title='bbox 918 769 1132 808; x_wconf 78' lang='lat' dir='ltr'><strong>militibus</strong></span> <span class='ocrx_word' id='word_1_85' title='bbox 1165 773 1335 808; x_wconf 89' lang='lat' dir='ltr'><strong>senatus</strong></span> <span class='ocrx_word' id='word_1_86' title='bbox 1365 768 1495 808; x_wconf 90' lang='lat' dir='ltr'><strong>Rom-</strong></span> 
     </span>
     <span class='ocr_line' id='line_1_13' title="bbox 178 826 1497 881; baseline -0.002 -13"><span class='ocrx_word' id='word_1_87' title='bbox 178 842 283 869; x_wconf 88' lang='lat' dir='ltr'><strong>anus</strong></span> <span class='ocrx_word' id='word_1_88' title='bbox 313 828 472 881; x_wconf 80' lang='lat' dir='ltr'><strong>duplex</strong></span> <span class='ocrx_word' id='word_1_89' title='bbox 502 828 764 880; x_wconf 75' lang='lat' dir='ltr'><strong>stipendium</strong></span> <span class='ocrx_word' id='word_1_90' title='bbox 796 830 840 866; x_wconf 84' lang='lat' dir='ltr'><strong>et</strong></span> <span class='ocrx_word' id='word_1_91' title='bbox 874 827 1157 879; x_wconf 89' lang='lat' dir='ltr'><strong>quinquennii</strong></span> <span class='ocrx_word' id='word_1_92' title='bbox 1184 826 1354 867; x_wconf 85' lang='lat' dir='ltr'><strong>militiae</strong></span> <span class='ocrx_word' id='word_1_93' title='bbox 1375 839 1497 866; x_wconf 83' lang='lat' dir='ltr'><strong>vaca-</strong></span> 
     </span>
     <span class='ocr_line' id='line_1_14' title="bbox 179 884 1509 936; baseline -0.002 -11"><span class='ocrx_word' id='word_1_94' title='bbox 179 888 343 926; x_wconf 81' lang='lat' dir='ltr'><strong>tionem</strong></span> <span class='ocrx_word' id='word_1_95' title='bbox 365 886 566 925; x_wconf 82' lang='lat' dir='ltr'><strong>decrevit.</strong></span> <span class='ocrx_word' id='word_1_96' title='bbox 630 884 816 924; x_wconf 84' lang='lat' dir='ltr'><strong>Civitate</strong></span> <span class='ocrx_word' id='word_1_97' title='bbox 837 897 970 936; x_wconf 91' lang='lat' dir='ltr'><strong>quum</strong></span> <span class='ocrx_word' id='word_1_98' title='bbox 987 884 1247 924; x_wconf 87' lang='lat' dir='ltr'><strong>donarentur</strong></span> <span class='ocrx_word' id='word_1_99' title='bbox 1264 884 1317 924; x_wconf 94' lang='lat' dir='ltr'><strong>ob</strong></span> <span class='ocrx_word' id='word_1_100' title='bbox 1338 885 1509 933; x_wconf 60' lang='lat' dir='ltr'><strong>virtut-v</strong></span> 
     </span>
     <span class='ocr_line' id='line_1_15' title="bbox 181 942 1497 991; baseline -0.002 -8"><span class='ocrx_word' id='word_1_101' title='bbox 181 957 264 991; x_wconf 89' lang='lat' dir='ltr'><strong>em,</strong></span> <span class='ocrx_word' id='word_1_102' title='bbox 286 956 370 982; x_wconf 87' lang='lat' dir='ltr'><strong>non</strong></span> <span class='ocrx_word' id='word_1_103' title='bbox 391 945 679 983; x_wconf 80' lang='lat' dir='ltr'><strong>mutaverunt.</strong></span> <span class='ocrx_word' id='word_1_104' title='bbox 742 944 780 981; x_wconf 89' lang='grc'><strong>3.</strong></span> <span class='ocrx_word' id='word_1_105' title='bbox 818 942 1119 981; x_wconf 86' lang='lat' dir='ltr'><strong>Perusinorum</strong></span> <span class='ocrx_word' id='word_1_106' title='bbox 1143 955 1261 981; x_wconf 88' lang='lat' dir='ltr'><strong>casus</strong></span> <span class='ocrx_word' id='word_1_107' title='bbox 1282 942 1497 981; x_wconf 72' lang='lat' dir='ltr'><strong>obsciuior</strong></span> 
     </span>
     <span class='ocr_line' id='line_1_16' title="bbox 180 998 1498 1053; baseline -0.002 -13"><span class='ocrx_word' id='word_1_108' title='bbox 180 1002 293 1040; x_wconf 67' lang='lat' dir='ltr'><strong>fam-52</strong></span> <span class='ocrx_word' id='word_1_109' title='bbox 309 1003 385 1049; x_wconf 87' lang='lat' dir='ltr'><strong>est,</strong></span> <span class='ocrx_word' id='word_1_110' title='bbox 402 1001 503 1053; x_wconf 90' lang='lat' dir='ltr'><strong>quia</strong></span> <span class='ocrx_word' id='word_1_111' title='bbox 516 1013 594 1039; x_wconf 89' lang='lat' dir='ltr'><strong>nec</strong></span> <span class='ocrx_word' id='word_1_112' title='bbox 609 1000 798 1052; x_wconf 88' lang='lat' dir='ltr'><strong>ipsorum</strong></span> <span class='ocrx_word' id='word_1_113' title='bbox 819 1002 1094 1039; x_wconf 89' lang='lat' dir='ltr'><strong>monumento</strong></span> <span class='ocrx_word' id='word_1_114' title='bbox 1116 999 1204 1038; x_wconf 93' lang='lat' dir='ltr'><strong>ullo</strong></span> <span class='ocrx_word' id='word_1_115' title='bbox 1227 1003 1291 1039; x_wconf 88' lang='lat' dir='ltr'><strong>est</strong></span> <span class='ocrx_word' id='word_1_116' title='bbox 1312 998 1498 1038; x_wconf 85' lang='lat' dir='ltr'><strong>illustra-</strong></span> 
     </span>
     <span class='ocr_line' id='line_1_17' title="bbox 183 1057 864 1098; baseline -0.004 0"><span class='ocrx_word' id='word_1_117' title='bbox 183 1061 254 1098; x_wconf 86' lang='lat' dir='ltr'><strong>tus</strong></span> <span class='ocrx_word' id='word_1_118' title='bbox 275 1071 354 1097; x_wconf 86' lang='lat' dir='ltr'><strong>nec</strong></span> <span class='ocrx_word' id='word_1_119' title='bbox 375 1058 541 1097; x_wconf 87' lang='lat' dir='ltr'><strong>decreto</strong></span> <span class='ocrx_word' id='word_1_120' title='bbox 564 1057 864 1096; x_wconf 81' lang='lat' dir='ltr'><strong>Romanorum.</strong></span> 
     </span>
    </p>

    <p class='ocr_par' dir='ltr' id='par_1_4' title="bbox 180 1114 1504 2490">
     <span class='ocr_line' id='line_1_18' title="bbox 241 1114 1499 1167; baseline -0.001 -13"><span class='ocrx_word' id='word_1_121' title='bbox 241 1118 280 1155; x_wconf 86' lang='lat'><strong>4.</strong></span> <span class='ocrx_word' id='word_1_122' title='bbox 314 1115 475 1154; x_wconf 91' lang='lat' dir='ltr'><strong>Eodem</strong></span> <span class='ocrx_word' id='word_1_123' title='bbox 511 1118 702 1166; x_wconf 89' lang='lat' dir='ltr'><strong>tempore</strong></span> <span class='ocrx_word' id='word_1_124' title='bbox 738 1114 968 1163; x_wconf 86' lang='lat' dir='ltr'><strong>Petelinos,</strong></span> <span class='ocrx_word' id='word_1_125' title='bbox 1002 1115 1077 1167; x_wconf 92' lang='lat' dir='ltr'><strong>qui</strong></span> <span class='ocrx_word' id='word_1_126' title='bbox 1117 1115 1194 1154; x_wconf 88' lang='lat' dir='ltr'><strong>uni</strong></span> <span class='ocrx_word' id='word_1_127' title='bbox 1229 1128 1280 1155; x_wconf 80' lang='lat' dir='ltr'><strong>ex</strong></span> <span class='ocrx_word' id='word_1_128' title='bbox 1315 1114 1499 1154; x_wconf 88' lang='lat' dir='ltr'><strong>Bruttiis</strong></span> 
     </span>
     <span class='ocr_line' id='line_1_19' title="bbox 182 1171 1498 1224; baseline -0.001 -12"><span class='ocrx_word' id='word_1_129' title='bbox 182 1175 426 1212; x_wconf 83' lang='lat' dir='ltr'><strong>manserant</strong></span> <span class='ocrx_word' id='word_1_130' title='bbox 459 1173 506 1210; x_wconf 89' lang='lat' dir='ltr'><strong>in</strong></span> <span class='ocrx_word' id='word_1_131' title='bbox 539 1172 731 1211; x_wconf 73' lang='lat' dir='ltr'><strong>amicitia</strong></span> <span class='ocrx_word' id='word_1_132' title='bbox 765 1171 970 1219; x_wconf 65' lang='lat' dir='ltr'><strong>Romana,</strong></span> <span class='ocrx_word' id='word_1_133' title='bbox 1010 1185 1096 1211; x_wconf 91' lang='lat' dir='ltr'><strong>non</strong></span> <span class='ocrx_word' id='word_1_134' title='bbox 1129 1171 1498 1224; x_wconf 82' lang='lat' dir='ltr'><strong>Carthaginienses</strong></span> 
     </span>
     <span class='ocr_line' id='line_1_20' title="bbox 181 1228 1499 1281; baseline -0.002 -11"><span class='ocrx_word' id='word_1_135' title='bbox 181 1230 321 1278; x_wconf 76' lang='lat' dir='ltr'><strong>modo,</strong></span> <span class='ocrx_word' id='word_1_136' title='bbox 357 1230 432 1280; x_wconf 90' lang='lat' dir='ltr'><strong>qui</strong></span> <span class='ocrx_word' id='word_1_137' title='bbox 472 1230 688 1281; x_wconf 85' lang='lat' dir='ltr'><strong>regionem</strong></span> <span class='ocrx_word' id='word_1_138' title='bbox 728 1228 992 1277; x_wconf 86' lang='lat' dir='ltr'><strong>obtinebant,</strong></span> <span class='ocrx_word' id='word_1_139' title='bbox 1025 1229 1097 1268; x_wconf 91' lang='lat' dir='ltr'><strong>sed</strong></span> <span class='ocrx_word' id='word_1_140' title='bbox 1126 1229 1290 1268; x_wconf 91' lang='lat' dir='ltr'><strong>Bruttii</strong></span> <span class='ocrx_word' id='word_1_141' title='bbox 1330 1242 1499 1281; x_wconf 91' lang='lat' dir='ltr'><strong>quoque</strong></span> 
     </span>
     <span class='ocr_line' id='line_1_21' title="bbox 183 1286 1501 1339; baseline -0.002 -12"><span class='ocrx_word' id='word_1_142' title='bbox 183 1288 314 1327; x_wconf 88' lang='lat' dir='ltr'><strong>ceteri</strong></span> <span class='ocrx_word' id='word_1_143' title='bbox 335 1287 388 1326; x_wconf 95' lang='lat' dir='ltr'><strong>ob</strong></span> <span class='ocrx_word' id='word_1_144' title='bbox 410 1293 600 1339; x_wconf 82' lang='lat' dir='ltr'><strong>separata</strong></span> <span class='ocrx_word' id='word_1_145' title='bbox 621 1286 674 1326; x_wconf 88' lang='lat' dir='ltr'><strong>ab</strong></span> <span class='ocrx_word' id='word_1_146' title='bbox 695 1299 737 1325; x_wconf 90' lang='lat' dir='ltr'><strong>se</strong></span> <span class='ocrx_word' id='word_1_147' title='bbox 759 1286 935 1325; x_wconf 89' lang='lat' dir='ltr'><strong>consilia</strong></span> <span class='ocrx_word' id='word_1_148' title='bbox 956 1287 1271 1339; x_wconf 83' lang='lat' dir='ltr'><strong>oppugnabant.</strong></span> <span class='ocrx_word' id='word_1_149' title='bbox 1334 1289 1373 1326; x_wconf 89' lang='lat'><strong>5.</strong></span> <span class='ocrx_word' id='word_1_150' title='bbox 1396 1286 1501 1334; x_wconf 85' lang='lat' dir='ltr'><strong>Qui-</strong></span> 
     </span>
     <span class='ocr_line' id='line_1_22' title="bbox 183 1343 1500 1397; baseline -0.001 -13"><span class='ocrx_word' id='word_1_151' title='bbox 183 1345 261 1384; x_wconf 91' lang='lat' dir='ltr'><strong>bus</strong></span> <span class='ocrx_word' id='word_1_152' title='bbox 293 1358 427 1397; x_wconf 91' lang='lat' dir='ltr'><strong>quum</strong></span> <span class='ocrx_word' id='word_1_153' title='bbox 460 1344 661 1383; x_wconf 87' lang='lat' dir='ltr'><strong>obsistere</strong></span> <span class='ocrx_word' id='word_1_154' title='bbox 693 1343 816 1382; x_wconf 86' lang='lat' dir='ltr'><strong>malis</strong></span> <span class='ocrx_word' id='word_1_155' title='bbox 846 1344 1072 1396; x_wconf 88' lang='lat' dir='ltr'><strong>nequirent</strong></span> <span class='ocrx_word' id='word_1_156' title='bbox 1104 1344 1305 1393; x_wconf 89' lang='lat' dir='ltr'><strong>Petelini,</strong></span> <span class='ocrx_word' id='word_1_157' title='bbox 1337 1344 1500 1396; x_wconf 88' lang='lat' dir='ltr'><strong>legatos</strong></span> 
     </span>
     <span class='ocr_line' id='line_1_23' title="bbox 183 1401 1500 1454; baseline -0.001 -13"><span class='ocrx_word' id='word_1_158' title='bbox 183 1402 364 1442; x_wconf 85' lang='lat' dir='ltr'><strong>Romam</strong></span> <span class='ocrx_word' id='word_1_159' title='bbox 397 1402 450 1441; x_wconf 88' lang='lat' dir='ltr'><strong>ad</strong></span> <span class='ocrx_word' id='word_1_160' title='bbox 490 1401 734 1454; x_wconf 71' lang='lat' dir='ltr'><strong>praesidium</strong></span> <span class='ocrx_word' id='word_1_161' title='bbox 769 1402 1000 1453; x_wconf 87' lang='lat' dir='ltr'><strong>petendum</strong></span> <span class='ocrx_word' id='word_1_162' title='bbox 1030 1402 1250 1441; x_wconf 88' lang='lat' dir='ltr'><strong>miserunt.</strong></span> <span class='ocrx_word' id='word_1_163' title='bbox 1312 1401 1500 1448; x_wconf 85' lang='lat' dir='ltr'><strong>Quorum</strong></span> 
     </span>
     <span class='ocr_line' id='line_1_24' title="bbox 185 1457 1500 1513; baseline 0 -15"><span class='ocrx_word' id='word_1_164' title='bbox 185 1473 328 1513; x_wconf 80' lang='lat' dir='ltr'><strong>preces</strong></span> <span class='ocrx_word' id='word_1_165' title='bbox 368 1458 743 1511; x_wconf 83' lang='lat' dir='ltr'><strong>lacrimaeque—-in</strong></span> <span class='ocrx_word' id='word_1_166' title='bbox 782 1461 955 1511; x_wconf 72' lang='lat' dir='ltr'><strong>questus</strong></span> <span class='ocrx_word' id='word_1_167' title='bbox 995 1459 1110 1498; x_wconf 90' lang='lat' dir='ltr'><strong>enim</strong></span> <span class='ocrx_word' id='word_1_168' title='bbox 1150 1457 1325 1506; x_wconf 88' lang='lat' dir='ltr'><strong>flebiles,</strong></span> <span class='ocrx_word' id='word_1_169' title='bbox 1366 1472 1500 1511; x_wconf 90' lang='lat' dir='ltr'><strong>quum</strong></span> 
     </span>
     <span class='ocr_line' id='line_1_25' title="bbox 185 1515 1500 1569; baseline 0 -13"><span class='ocrx_word' id='word_1_170' title='bbox 185 1518 358 1557; x_wconf 90' lang='lat' dir='ltr'><strong>sibimet</strong></span> <span class='ocrx_word' id='word_1_171' title='bbox 379 1517 460 1569; x_wconf 89' lang='lat' dir='ltr'><strong>ipsi</strong></span> <span class='ocrx_word' id='word_1_172' title='bbox 483 1515 698 1556; x_wconf 89' lang='lat' dir='ltr'><strong>consulere</strong></span> <span class='ocrx_word' id='word_1_173' title='bbox 713 1516 822 1568; x_wconf 89' lang='lat' dir='ltr'><strong>jussi</strong></span> <span class='ocrx_word' id='word_1_174' title='bbox 844 1518 957 1565; x_wconf 83' lang='lat' dir='ltr'><strong>sunt,</strong></span> <span class='ocrx_word' id='word_1_175' title='bbox 971 1530 1057 1556; x_wconf 88' lang='lat' dir='ltr'><strong>sese</strong></span> <span class='ocrx_word' id='word_1_176' title='bbox 1079 1517 1124 1555; x_wconf 90' lang='lat' dir='ltr'><strong>in</strong></span> <span class='ocrx_word' id='word_1_177' title='bbox 1146 1516 1356 1556; x_wconf 82' lang='lat' dir='ltr'><strong>vestibulo</strong></span> <span class='ocrx_word' id='word_1_178' title='bbox 1368 1517 1500 1556; x_wconf 36' lang='lat' dir='ltr'><strong>‘curiae</strong></span> 
     </span>
     <span class='ocr_line' id='line_1_26' title="bbox 186 1574 1501 1628; baseline 0 -15"><span class='ocrx_word' id='word_1_179' title='bbox 186 1575 467 1628; x_wconf 88' lang='lat' dir='ltr'><strong>profuderunt</strong></span> <span class='ocrx_word' id='word_1_180' title='bbox 488 1598 546 1602; x_wconf 97' lang='lat'><strong>—</strong></span> <span class='ocrx_word' id='word_1_181' title='bbox 565 1574 787 1626; x_wconf 87' lang='lat' dir='ltr'><strong>ingentem</strong></span> <span class='ocrx_word' id='word_1_182' title='bbox 834 1574 1167 1613; x_wconf 87' lang='lat' dir='ltr'><strong>misericordiam</strong></span> <span class='ocrx_word' id='word_1_183' title='bbox 1206 1574 1401 1627; x_wconf 89' lang='lat' dir='ltr'><strong>patribus</strong></span> <span class='ocrx_word' id='word_1_184' title='bbox 1451 1587 1501 1613; x_wconf 86' lang='lat' dir='ltr'><strong>ac</strong></span> 
     </span>
     <span class='ocr_line' id='line_1_27' title="bbox 186 1631 1502 1685; baseline 0 -15"><span class='ocrx_word' id='word_1_185' title='bbox 186 1631 342 1685; x_wconf 88' lang='lat' dir='ltr'><strong>populo</strong></span> <span class='ocrx_word' id='word_1_186' title='bbox 364 1634 600 1671; x_wconf 77' lang='lat' dir='ltr'><strong>moverunt.</strong></span> <span class='ocrx_word' id='word_1_187' title='bbox 663 1631 700 1671; x_wconf 84' lang='grc'><strong>6.</strong></span> <span class='ocrx_word' id='word_1_188' title='bbox 733 1631 1006 1683; x_wconf 87' lang='lat' dir='ltr'><strong>Consultique</strong></span> <span class='ocrx_word' id='word_1_189' title='bbox 1027 1632 1183 1671; x_wconf 89' lang='lat' dir='ltr'><strong>iterum</strong></span> <span class='ocrx_word' id='word_1_190' title='bbox 1199 1645 1223 1671; x_wconf 89' lang='lat' dir='ltr'><strong>a</strong></span> <span class='ocrx_word' id='word_1_191' title='bbox 1239 1631 1300 1670; x_wconf 88' lang='lat' dir='ltr'><strong>M.</strong></span> <span class='ocrx_word' id='word_1_192' title='bbox 1322 1631 1502 1671; x_wconf 89' lang='lat' dir='ltr'><strong>AEmilio</strong></span> 
     </span>
     <span class='ocr_line' id='line_1_28' title="bbox 187 1689 1500 1742; baseline 0 -14"><span class='ocrx_word' id='word_1_193' title='bbox 187 1692 366 1742; x_wconf 85' lang='lat' dir='ltr'><strong>praetore</strong></span> <span class='ocrx_word' id='word_1_194' title='bbox 387 1692 540 1741; x_wconf 87' lang='lat' dir='ltr'><strong>patres,</strong></span> <span class='ocrx_word' id='word_1_195' title='bbox 563 1689 878 1741; x_wconf 85' lang='lat' dir='ltr'><strong>circumspectis</strong></span> <span class='ocrx_word' id='word_1_196' title='bbox 899 1689 1094 1729; x_wconf 89' lang='lat' dir='ltr'><strong>omnibus</strong></span> <span class='ocrx_word' id='word_1_197' title='bbox 1124 1689 1295 1742; x_wconf 90' lang='lat' dir='ltr'><strong>imperii</strong></span> <span class='ocrx_word' id='word_1_198' title='bbox 1326 1689 1500 1737; x_wconf 84' lang='lat' dir='ltr'><strong>viribus,</strong></span> 
     </span>
     <span class='ocr_line' id='line_1_29' title="bbox 189 1745 1501 1800; baseline -0.001 -14"><span class='ocrx_word' id='word_1_199' title='bbox 189 1747 314 1786; x_wconf 85' lang='lat' dir='ltr'><strong>fateri</strong></span> <span class='ocrx_word' id='word_1_200' title='bbox 336 1747 472 1786; x_wconf 90' lang='lat' dir='ltr'><strong>coacti</strong></span> <span class='ocrx_word' id='word_1_201' title='bbox 492 1745 604 1785; x_wconf 87' lang='lat' dir='ltr'><strong>nihil</strong></span> <span class='ocrx_word' id='word_1_202' title='bbox 631 1745 723 1798; x_wconf 88' lang='lat' dir='ltr'><strong>jam</strong></span> <span class='ocrx_word' id='word_1_203' title='bbox 746 1746 989 1799; x_wconf 88' lang='lat' dir='ltr'><strong>longinquis</strong></span> <span class='ocrx_word' id='word_1_204' title='bbox 1022 1747 1144 1786; x_wconf 86' lang='lat' dir='ltr'><strong>sociis</strong></span> <span class='ocrx_word' id='word_1_205' title='bbox 1175 1748 1221 1786; x_wconf 91' lang='lat' dir='ltr'><strong>in</strong></span> <span class='ocrx_word' id='word_1_206' title='bbox 1251 1760 1293 1786; x_wconf 93' lang='lat' dir='ltr'><strong>se</strong></span> <span class='ocrx_word' id='word_1_207' title='bbox 1314 1746 1501 1800; x_wconf 82' lang='lat' dir='ltr'><strong>praesidii</strong></span> 
     </span>
     <span class='ocr_line' id='line_1_30' title="bbox 189 1803 1502 1857; baseline 0 -13"><span class='ocrx_word' id='word_1_208' title='bbox 189 1818 289 1853; x_wconf 85' lang='lat' dir='ltr'><strong>esse,</strong></span> <span class='ocrx_word' id='word_1_209' title='bbox 310 1804 446 1843; x_wconf 88' lang='lat' dir='ltr'><strong>redire</strong></span> <span class='ocrx_word' id='word_1_210' title='bbox 469 1804 643 1843; x_wconf 90' lang='lat' dir='ltr'><strong>domum</strong></span> <span class='ocrx_word' id='word_1_211' title='bbox 664 1803 830 1856; x_wconf 88' lang='lat' dir='ltr'><strong>fideque</strong></span> <span class='ocrx_word' id='word_1_212' title='bbox 851 1804 904 1843; x_wconf 89' lang='lat' dir='ltr'><strong>ad</strong></span> <span class='ocrx_word' id='word_1_213' title='bbox 925 1804 1127 1843; x_wconf 88' lang='lat' dir='ltr'><strong>ultimum</strong></span> <span class='ocrx_word' id='word_1_214' title='bbox 1148 1804 1316 1857; x_wconf 66' lang='lat' dir='ltr'><strong>expleta</strong></span> <span class='ocrx_word' id='word_1_215' title='bbox 1337 1804 1502 1844; x_wconf 87' lang='lat' dir='ltr'><strong>consul-</strong></span> 
     </span>
     <span class='ocr_line' id='line_1_31' title="bbox 180 1861 1501 1915; baseline 0.001 -15"><span class='ocrx_word' id='word_1_216' title='bbox 180 1875 259 1901; x_wconf 79' lang='lat' dir='ltr'><strong>¹ere</strong></span> <span class='ocrx_word' id='word_1_217' title='bbox 281 1862 454 1901; x_wconf 90' lang='lat' dir='ltr'><strong>sibimet</strong></span> <span class='ocrx_word' id='word_1_218' title='bbox 486 1862 589 1913; x_wconf 87' lang='lat' dir='ltr'><strong>ipsis</strong></span> <span class='ocrx_word' id='word_1_219' title='bbox 611 1862 657 1900; x_wconf 91' lang='lat' dir='ltr'><strong>in</strong></span> <span class='ocrx_word' id='word_1_220' title='bbox 678 1861 889 1914; x_wconf 90' lang='lat' dir='ltr'><strong>reliquum</strong></span> <span class='ocrx_word' id='word_1_221' title='bbox 910 1875 985 1915; x_wconf 92' lang='lat' dir='ltr'><strong>pro</strong></span> <span class='ocrx_word' id='word_1_222' title='bbox 1006 1863 1203 1915; x_wconf 80' lang='lat' dir='ltr'><strong>praesenti</strong></span> <span class='ocrx_word' id='word_1_223' title='bbox 1224 1862 1394 1901; x_wconf 69' lang='lat' dir='ltr'><strong>fortunii</strong></span> <span class='ocrx_word' id='word_1_224' title='bbox 1408 1861 1501 1914; x_wconf 91' lang='lat' dir='ltr'><strong>jus-</strong></span> 
     </span>
     <span class='ocr_line' id='line_1_32' title="bbox 190 1919 1501 1972; baseline 0 -14"><span class='ocrx_word' id='word_1_225' title='bbox 190 1923 346 1959; x_wconf 84' lang='lat' dir='ltr'><strong>serunt.</strong></span> <span class='ocrx_word' id='word_1_226' title='bbox 410 1919 448 1959; x_wconf 90' lang='lat'><strong>7.</strong></span> <span class='ocrx_word' id='word_1_227' title='bbox 481 1919 584 1958; x_wconf 87' lang='lat' dir='ltr'><strong>Haec</strong></span> <span class='ocrx_word' id='word_1_228' title='bbox 605 1924 829 1972; x_wconf 88' lang='lat' dir='ltr'><strong>postquam</strong></span> <span class='ocrx_word' id='word_1_229' title='bbox 850 1921 1094 1959; x_wconf 88' lang='lat' dir='ltr'><strong>renuntiata</strong></span> <span class='ocrx_word' id='word_1_230' title='bbox 1114 1919 1271 1972; x_wconf 87' lang='lat' dir='ltr'><strong>legatio</strong></span> <span class='ocrx_word' id='word_1_231' title='bbox 1292 1919 1501 1959; x_wconf 89' lang='lat' dir='ltr'><strong>Petelinis</strong></span> 
     </span>
     <span class='ocr_line' id='line_1_33' title="bbox 180 1979 1501 2030; baseline -0.001 -13"><span class='ocrx_word' id='word_1_232' title='bbox 180 1981 268 2025; x_wconf 83' lang='lat' dir='ltr'><strong>-est,</strong></span> <span class='ocrx_word' id='word_1_233' title='bbox 305 1979 450 2016; x_wconf 87' lang='lat' dir='ltr'><strong>tantus</strong></span> <span class='ocrx_word' id='word_1_234' title='bbox 486 1979 662 2029; x_wconf 83' lang='lat' dir='ltr'><strong>repente</strong></span> <span class='ocrx_word' id='word_1_235' title='bbox 697 1990 846 2017; x_wconf 72' lang='lat' dir='ltr'><strong>maeror</strong></span> <span class='ocrx_word' id='word_1_236' title='bbox 878 1990 1090 2030; x_wconf 79' lang='lat' dir='ltr'><strong>pavorque</strong></span> <span class='ocrx_word' id='word_1_237' title='bbox 1125 1981 1321 2016; x_wconf 88' lang='lat' dir='ltr'><strong>senatum</strong></span> <span class='ocrx_word' id='word_1_238' title='bbox 1355 1990 1501 2017; x_wconf 85' lang='lat' dir='ltr'><strong>eorum</strong></span> 
     </span>
     <span class='ocr_line' id='line_1_34' title="bbox 182 2034 1503 2087; baseline -0.002 -12"><span class='ocrx_word' id='word_1_239' title='bbox 182 2035 320 2087; x_wconf 64' lang='lat' dir='ltr'><strong>cepit,</strong></span> <span class='ocrx_word' id='word_1_240' title='bbox 342 2037 392 2073; x_wconf 93' lang='lat' dir='ltr'><strong>ut</strong></span> <span class='ocrx_word' id='word_1_241' title='bbox 412 2047 505 2086; x_wconf 87' lang='lat' dir='ltr'><strong>pars</strong></span> <span class='ocrx_word' id='word_1_242' title='bbox 526 2034 809 2087; x_wconf 85' lang='lat' dir='ltr'><strong>profugiendi,</strong></span> <span class='ocrx_word' id='word_1_243' title='bbox 830 2047 911 2087; x_wconf 84' lang='lat' dir='ltr'><strong>qua</strong></span> <span class='ocrx_word' id='word_1_244' title='bbox 925 2035 1103 2087; x_wconf 82' lang='lat' dir='ltr'><strong>quisque</strong></span> <span class='ocrx_word' id='word_1_245' title='bbox 1124 2038 1277 2087; x_wconf 84' lang='lat' dir='ltr'><strong>posset,</strong></span> <span class='ocrx_word' id='word_1_246' title='bbox 1293 2048 1340 2074; x_wconf 87' lang='lat' dir='ltr'><strong>ac</strong></span> <span class='ocrx_word' id='word_1_247' title='bbox 1363 2035 1503 2074; x_wconf 85' lang='lat' dir='ltr'><strong>deser-</strong></span> 
     </span>
     <span class='ocr_line' id='line_1_35' title="bbox 191 2091 1500 2145; baseline -0.001 -13"><span class='ocrx_word' id='word_1_248' title='bbox 191 2092 310 2132; x_wconf 83' lang='lat' dir='ltr'><strong>endae</strong></span> <span class='ocrx_word' id='word_1_249' title='bbox 342 2091 458 2131; x_wconf 88' lang='lat' dir='ltr'><strong>urbis</strong></span> <span class='ocrx_word' id='word_1_250' title='bbox 492 2095 682 2131; x_wconf 84' lang='lat' dir='ltr'><strong>auctores</strong></span> <span class='ocrx_word' id='word_1_251' title='bbox 719 2096 880 2140; x_wconf 84' lang='lat' dir='ltr'><strong>cssent;</strong></span> <span class='ocrx_word' id='word_1_252' title='bbox 924 2095 962 2131; x_wconf 85' lang='lat'><strong>8.</strong></span> <span class='ocrx_word' id='word_1_253' title='bbox 994 2105 1102 2145; x_wconf 85' lang='lat' dir='ltr'><strong>pars,</strong></span> <span class='ocrx_word' id='word_1_254' title='bbox 1135 2092 1303 2144; x_wconf 85' lang='lat' dir='ltr'><strong>quando</strong></span> <span class='ocrx_word' id='word_1_255' title='bbox 1343 2092 1500 2132; x_wconf 86' lang='lat' dir='ltr'><strong>deserti</strong></span> 
     </span>
     <span class='ocr_line' id='line_1_36' title="bbox 190 2149 1502 2203; baseline -0.001 -14"><span class='ocrx_word' id='word_1_256' title='bbox 190 2164 215 2189; x_wconf 86' lang='lat' dir='ltr'><strong>a</strong></span> <span class='ocrx_word' id='word_1_257' title='bbox 237 2149 449 2189; x_wconf 80' lang='lat' dir='ltr'><strong>veteribus</strong></span> <span class='ocrx_word' id='word_1_258' title='bbox 471 2150 593 2189; x_wconf 90' lang='lat' dir='ltr'><strong>sociis</strong></span> <span class='ocrx_word' id='word_1_259' title='bbox 615 2153 766 2196; x_wconf 87' lang='lat' dir='ltr'><strong>essent,</strong></span> <span class='ocrx_word' id='word_1_260' title='bbox 788 2149 1047 2203; x_wconf 83' lang='lat' dir='ltr'><strong>adjungendi</strong></span> <span class='ocrx_word' id='word_1_261' title='bbox 1074 2163 1116 2189; x_wconf 86' lang='lat' dir='ltr'><strong>se</strong></span> <span class='ocrx_word' id='word_1_262' title='bbox 1138 2150 1289 2189; x_wconf 89' lang='lat' dir='ltr'><strong>ceteris</strong></span> <span class='ocrx_word' id='word_1_263' title='bbox 1318 2149 1502 2189; x_wconf 89' lang='lat' dir='ltr'><strong>Bruttiis</strong></span> 
     </span>
     <span class='ocr_line' id='line_1_37' title="bbox 191 2207 1501 2260; baseline 0 -13"><span class='ocrx_word' id='word_1_264' title='bbox 191 2221 239 2247; x_wconf 87' lang='lat' dir='ltr'><strong>ac</strong></span> <span class='ocrx_word' id='word_1_265' title='bbox 260 2221 334 2260; x_wconf 88' lang='lat' dir='ltr'><strong>per</strong></span> <span class='ocrx_word' id='word_1_266' title='bbox 355 2221 423 2246; x_wconf 84' lang='lat' dir='ltr'><strong>eos</strong></span> <span class='ocrx_word' id='word_1_267' title='bbox 440 2207 623 2246; x_wconf 88' lang='lat' dir='ltr'><strong>dedendi</strong></span> <span class='ocrx_word' id='word_1_268' title='bbox 644 2207 892 2247; x_wconf 88' lang='lat' dir='ltr'><strong>Hannibali.</strong></span> <span class='ocrx_word' id='word_1_269' title='bbox 955 2209 993 2247; x_wconf 84' lang='lat'><strong>9.</strong></span> <span class='ocrx_word' id='word_1_270' title='bbox 1025 2207 1142 2247; x_wconf 81' lang='lat' dir='ltr'><strong>Vicit</strong></span> <span class='ocrx_word' id='word_1_271' title='bbox 1159 2211 1303 2247; x_wconf 86' lang='lat' dir='ltr'><strong>tamen</strong></span> <span class='ocrx_word' id='word_1_272' title='bbox 1324 2220 1372 2247; x_wconf 83' lang='lat' dir='ltr'><strong>ea</strong></span> <span class='ocrx_word' id='word_1_273' title='bbox 1392 2221 1501 2260; x_wconf 80' lang='lat' dir='ltr'><strong>pars,</strong></span> 
     </span>
     <span class='ocr_line' id='line_1_38' title="bbox 191 2264 1502 2318; baseline 0.001 -15"><span class='ocrx_word' id='word_1_274' title='bbox 191 2278 284 2317; x_wconf 83' lang='lat' dir='ltr'><strong>quae</strong></span> <span class='ocrx_word' id='word_1_275' title='bbox 305 2264 414 2303; x_wconf 87' lang='lat' dir='ltr'><strong>nihil</strong></span> <span class='ocrx_word' id='word_1_276' title='bbox 431 2265 588 2317; x_wconf 87' lang='lat' dir='ltr'><strong>raptim</strong></span> <span class='ocrx_word' id='word_1_277' title='bbox 604 2277 680 2304; x_wconf 83' lang='lat' dir='ltr'><strong>nec</strong></span> <span class='ocrx_word' id='word_1_278' title='bbox 697 2268 855 2305; x_wconf 89' lang='lat' dir='ltr'><strong>temere</strong></span> <span class='ocrx_word' id='word_1_279' title='bbox 872 2265 1098 2318; x_wconf 84' lang='lat' dir='ltr'><strong>agendum,</strong></span> <span class='ocrx_word' id='word_1_280' title='bbox 1113 2264 1502 2318; x_wconf 86' lang='lat' dir='ltr'><strong>consulendumque</strong></span> 
     </span>
     <span class='ocr_line' id='line_1_39' title="bbox 193 2322 1502 2376; baseline 0.001 -15"><span class='ocrx_word' id='word_1_281' title='bbox 193 2323 243 2361; x_wconf 89' lang='lat' dir='ltr'><strong>de</strong></span> <span class='ocrx_word' id='word_1_282' title='bbox 265 2323 446 2375; x_wconf 85' lang='lat' dir='ltr'><strong>integro,</strong></span> <span class='ocrx_word' id='word_1_283' title='bbox 465 2323 641 2362; x_wconf 85' lang='lat' dir='ltr'><strong>censuit.</strong></span> <span class='ocrx_word' id='word_1_284' title='bbox 707 2325 771 2362; x_wconf 90' lang='grc'><strong>10.</strong></span> <span class='ocrx_word' id='word_1_285' title='bbox 805 2322 955 2363; x_wconf 72' lang='lat' dir='ltr'><strong>Relatfi</strong></span> <span class='ocrx_word' id='word_1_286' title='bbox 977 2326 1141 2375; x_wconf 81' lang='lat' dir='ltr'><strong>postero</strong></span> <span class='ocrx_word' id='word_1_287' title='bbox 1163 2323 1232 2362; x_wconf 86' lang='lat' dir='ltr'><strong>die</strong></span> <span class='ocrx_word' id='word_1_288' title='bbox 1254 2336 1328 2376; x_wconf 91' lang='lat' dir='ltr'><strong>per</strong></span> <span class='ocrx_word' id='word_1_289' title='bbox 1344 2323 1502 2362; x_wconf 89' lang='lat' dir='ltr'><strong>minor-</strong></span> 
     </span>
     <span class='ocr_line' id='line_1_40' title="bbox 191 2380 1504 2433; baseline 0.001 -15"><span class='ocrx_word' id='word_1_290' title='bbox 191 2393 259 2419; x_wconf 80' lang='lat' dir='ltr'><strong>em</strong></span> <span class='ocrx_word' id='word_1_291' title='bbox 281 2380 612 2433; x_wconf 81' lang='lat' dir='ltr'><strong>trepidationem</strong></span> <span class='ocrx_word' id='word_1_292' title='bbox 635 2394 677 2419; x_wconf 87' lang='lat' dir='ltr'><strong>re</strong></span> <span class='ocrx_word' id='word_1_293' title='bbox 700 2384 928 2420; x_wconf 74' lang='lat' dir='ltr'><strong>tonuerunt</strong></span> <span class='ocrx_word' id='word_1_294' title='bbox 949 2381 1190 2433; x_wconf 83' lang='lat' dir='ltr'><strong>optimates,</strong></span> <span class='ocrx_word' id='word_1_295' title='bbox 1219 2384 1269 2420; x_wconf 89' lang='lat' dir='ltr'><strong>ut</strong></span> <span class='ocrx_word' id='word_1_296' title='bbox 1290 2381 1504 2421; x_wconf 76' lang='lat' dir='ltr'><strong>convectis</strong></span> 
     </span>
     <span class='ocr_line' id='line_1_41' title="bbox 192 2437 1244 2490; baseline 0.002 -14"><span class='ocrx_word' id='word_1_297' title='bbox 192 2437 387 2477; x_wconf 87' lang='lat' dir='ltr'><strong>omnibus</strong></span> <span class='ocrx_word' id='word_1_298' title='bbox 409 2452 459 2477; x_wconf 80' lang='lat' dir='ltr'><strong>ex</strong></span> <span class='ocrx_word' id='word_1_299' title='bbox 480 2438 591 2490; x_wconf 83' lang='lat' dir='ltr'><strong>agris</strong></span> <span class='ocrx_word' id='word_1_300' title='bbox 613 2438 759 2477; x_wconf 80' lang='lat' dir='ltr'><strong>urbem</strong></span> <span class='ocrx_word' id='word_1_301' title='bbox 782 2452 828 2478; x_wconf 78' lang='lat' dir='ltr'><strong>ac</strong></span> <span class='ocrx_word' id='word_1_302' title='bbox 851 2451 992 2478; x_wconf 86' lang='lat' dir='ltr'><strong>muros</strong></span> <span class='ocrx_word' id='word_1_303' title='bbox 1014 2437 1244 2478; x_wconf 82' lang='lat' dir='ltr'><strong>firmarent.</strong></span> 
     </span>
    </p>
   </div>
   <div class='ocr_carea' id='block_1_4' title="bbox 1577 0 1663 2718">
    <p class='ocr_par' dir='ltr' id='par_1_5' title="bbox 1577 0 1663 2718">
     <span class='ocr_line' id='line_1_42' title="bbox 1577 0 1663 2718; baseline 0 0"><span class='ocrx_word' id='word_1_304' title='bbox 1577 0 1663 2718; x_wconf 95' lang='lat' dir='ltr'><strong> </strong></span> 
     </span>
    </p>
   </div>
  </div>
 </body>
</html>
