1663 2718
176 139 226 180 56
471 138 583 177 ΤΙΤΙ
619 139 760 177 LIVII
796 137 1194 177 HISTORIARUM

175 252 227 290 ut
246 251 359 290 terr-5.
379 263 470 288 rem
490 251 670 301 gereret,
683 251 728 288 et
748 262 772 288 a
792 251 970 302 praetore
992 249 1182 288 exercitu
1201 251 1386 301 accepto,
1403 249 1487 289 duo

177 311 222 347 et
241 307 399 359 viginti
419 306 559 346 millia
585 306 795 358 peditum,
816 306 935 345 mille
964 306 1167 345 ducentos
1195 307 1359 358 equites
1389 320 1487 346 con-

177 365 294 404 fecit.
348 366 386 403 3.
410 363 517 404 Cum
537 363 604 402 his
621 364 816 416 equit-um
832 364 1111 416 peditumque
1129 364 1261 416 copiis
1276 364 1487 416 profectus

175 423 223 461 in
244 434 393 474 agrum
412 421 602 460 hostium
622 421 737 460 haud
766 420 913 474 procul
942 421 995 460 ab
1026 421 1313 474 Hamspicorae
1341 421 1488 460 castris

178 481 313 518 castra
332 479 487 531 posuit.
549 478 825 530 Hamspicora
846 481 941 518 tum
960 479 1069 518 forte
1091 479 1302 531 profectus
1330 482 1422 518 erat
1442 479 1486 517 in

177 536 356 577 Pellitos
381 535 533 576 Sardos
564 536 618 575 ad
642 535 919 589 juventutem
949 536 1209 583 armandam,
1234 540 1318 588 qua
1347 537 1487 589 copias

179 597 355 646 augeret
372 608 382 641 ;
414 593 542 641 filius,
564 594 735 633 nomine
757 593 918 641 Hostis,
939 594 1085 632 castris
1106 598 1297 646 praeerat.
1358 596 1398 632 4.
1431 593 1487 641 Is,

178 651 463 691 adolescenti-5
493 651 623 697 ferox,
644 652 803 690 temere
831 650 980 702 proelio
1002 651 1125 699 inito,
1147 651 1264 690 fusus
1294 650 1489 703 fugatus-

177 722 273 761 que.
334 708 401 747 Ad
421 709 504 747 tria
524 708 663 747 millia
694 708 921 747 Sardorum
952 721 1000 747 eo
1032 707 1182 759 proelio
1214 721 1331 755 caesa,
1353 708 1489 746 octin-

177 766 297 818 genti
330 766 462 804 ferme
495 766 583 803 vivi
617 766 760 816 capti3
792 767 828 804 5.
865 764 972 803 alius
1008 766 1216 803 exercitus
1249 765 1386 817 primo
1414 778 1489 817 per

177 836 299 875 agros
325 822 534 874 silvasque
556 822 657 874 fug-52
691 821 871 874 palatus,
904 822 1016 870 dein,
1037 822 1120 874 quo
1153 822 1304 861 ducem
1331 823 1488 874 fugisse

178 880 293 919 fama
314 882 418 928 erat,
440 880 492 918 ad
513 879 662 918 urbem
690 880 861 918 nomine
896 879 1093 927 Cornum,
1116 884 1244 931 caput
1265 879 1356 932 ejus
1378 880 1490 932 regi-

180 937 285 985 onis,
299 937 505 989 confugit.
559 937 596 976 6.
619 936 975 989 Debellatumque
997 950 1044 975 eo
1062 937 1211 989 proelio
1229 938 1273 975 in
1295 937 1490 976 Sardinia

179 998 300 1042 esset,
321 995 368 1033 ni
389 994 530 1033 classis
547 994 709 1033 Punica
731 1008 826 1033 cum
840 994 944 1033 duce
966 994 1245 1041 Hasdrubale,
1266 1008 1360 1046 quae
1381 998 1490 1033 tem-

180 1055 345 1105 pestate
379 1051 544 1104 dejecta
575 1051 627 1090 ad
659 1051 846 1090 Baliares
882 1055 984 1100 erat,
1006 1053 1052 1090 in
1080 1057 1269 1104 tempore
1289 1052 1343 1091 ad
1372 1065 1489 1104 spem

179 1109 414 1148 rebellandi
435 1109 686 1147 advenisset.
733 1109 768 1149 7.
791 1109 993 1155 Manlius,
1011 1114 1103 1161 post
1126 1110 1282 1147 famam
1304 1109 1490 1161 appulsae

180 1167 354 1206 Punicae
385 1166 539 1213 classis,
562 1166 727 1206 Carales
755 1179 797 1204 se
819 1167 1005 1217 recepit:
1039 1180 1086 1205 ea
1108 1167 1268 1205 occasio
1291 1166 1491 1218 Hamspi-

181 1237 287 1263 corae
308 1223 407 1262 data
428 1228 492 1262 est
512 1223 643 1262 Poeno
666 1237 707 1262 se
723 1223 947 1275 jungendi.
1011 1226 1048 1262 8.
1081 1223 1335 1271 Hasdrubal,
1358 1224 1490 1276 copiis

181 1282 228 1320 in
243 1284 400 1320 terram
421 1281 622 1333 expositis
642 1294 692 1320 ex
708 1281 836 1320 classe
857 1281 1029 1320 remissa
1049 1280 1363 1333 Carthaginem,
1386 1281 1492 1320 duce

182 1338 475 1391 Hamspicorz‘i,
497 1338 550 1377 ad
572 1339 778 1377 sociorum
800 1338 946 1390 populi
968 1338 1148 1377 Romani
1170 1352 1318 1390 agrum
1340 1338 1490 1391 popul-

181 1396 341 1435 andum
372 1396 599 1448 profectus,
621 1395 786 1436 Carales
807 1400 1085 1448 perventurus
1113 1401 1217 1444 erat,
1240 1397 1284 1434 ni
1307 1396 1492 1435 Manlius

183 1454 307 1493 obvio
330 1454 519 1492 exercitu
540 1453 593 1491 ab
615 1453 745 1492 effusa
777 1467 875 1492 eum
895 1453 1169 1505 populatione
1200 1454 1491 1492 continuisset.

185 1513 223 1551 9.
255 1511 400 1550 Primo
423 1516 557 1549 castra
578 1512 724 1550 castris
746 1511 910 1549 modico
933 1510 1155 1549 intervallo
1179 1515 1278 1550 sunt
1299 1511 1491 1563 objecta3

183 1569 336 1608 deinde
357 1582 432 1621 per
453 1570 786 1621 procursationes
807 1568 918 1607 levia
949 1569 1180 1607 certamina
1202 1568 1317 1607 vario
1338 1573 1493 1607 eventu

182 1627 293 1665 inita
311 1640 319 1665 :
356 1626 567 1678 postremo
601 1626 846 1665 descensum
879 1626 923 1664 in
959 1626 1107 1673 aciem,
1139 1627 1271 1678 signis
1312 1625 1493 1674 collatis,

178 1684 295 1736 justo
323 1684 488 1736 proelio,
519 1697 593 1735 per
623 1688 806 1735 quatuor
838 1684 958 1722 horas
992 1687 1243 1735 pugnatum.
1310 1686 1374 1722 10.
1407 1683 1495 1721 Diu

184 1755 373 1794 pugnam
404 1742 636 1793 ancipitem
665 1741 801 1789 Poeni,
834 1740 975 1780 Sardis
1002 1740 1128 1780 facile
1149 1741 1262 1779 vinci
1294 1740 1494 1787 adsuetis,

183 1800 400 1839 fecerunt:
433 1799 644 1851 postremo
661 1802 705 1838 et
726 1799 820 1851 ipsi,
843 1812 975 1851 quum
991 1799 1134 1837 omnia
1155 1799 1265 1836 circa
1286 1803 1424 1850 strage
1446 1810 1494 1836 ac

184 1857 285 1909 fuga
305 1856 534 1896 Sardorum
555 1856 716 1909 repleta
737 1860 889 1904 essent,
905 1856 1002 1895 fusi.
1067 1858 1132 1894 11.
1155 1855 1354 1896 Ceterum
1374 1859 1496 1907 terga

185 1914 333 1953 dantes
369 1914 658 1953 circumducto
690 1927 834 1961 cornu,
864 1927 948 1966 quo
979 1913 1201 1966 pepulerat
1232 1913 1396 1961 Sardos,
1429 1913 1496 1952 in-

185 1971 313 2011 clusit
334 1971 561 2010 Romanus.
623 1971 764 2011 Caedes
778 1971 877 2010 inde
898 1972 1048 2023 magis,
1066 1973 1193 2023 quam
1215 1984 1373 2023 pugna,
1394 1970 1494 2009 fuit.

188 2031 253 2069 12.
286 2029 522 2068 Duodecim
558 2028 697 2067 millia
732 2028 920 2068 hostium
962 2041 1064 2068 caesa
1105 2028 1332 2068 Sardorum
1367 2026 1496 2067 simul

183 2086 522 2139 Poenorumque3
554 2087 686 2126 ferme
716 2087 799 2125 tria
830 2085 968 2125 millia
998 2089 1038 2124 et
1071 2086 1333 2138 septingenti
1365 2085 1497 2138 capti,

184 2146 230 2185 et
250 2145 371 2198 signa
391 2143 596 2183 militaria
617 2146 779 2197 septem
801 2147 845 2183 et
865 2143 1038 2197 viginti.
