1663 2718
185 143 239 185 60
479 146 593 184 ΤΙΤΙ
629 146 769 184 LIVII
805 148 1203 187 fflSTORIARUM

606 307 872 349 CHAPTER
911 309 1076 348 XLIII.

185 401 382 434 Hannibal's
413 401 521 444 Reply
547 406 580 435 to
611 403 666 434 the
692 403 928 435 Ambassadors
954 404 991 435 of
1012 404 1069 435 the
1094 403 1230 445 Hirpini
1261 404 1326 435 and
1357 403 1500 437 Caudino

665 446 942 479 Samnites-nc.
961 449 1034 479 215.

249 534 286 571 1.
318 531 383 571 AD
418 545 468 571 ea
501 530 721 571 Hannibal
755 531 986 584 respondit,
1028 532 1170 570 omnia
1203 531 1332 571 simul
1364 533 1497 572 facere

187 589 393 642 Hirpinos
433 589 751 640 Samnitesque:
804 593 848 628 et
897 589 1084 628 indicare
1130 589 1269 628 clades
1309 603 1415 639 suas,
1457 593 1501 629 et

188 649 332 700 petere
352 646 612 699 praesidium,
634 649 677 685 et
707 647 828 698 queri
861 646 1098 685 indefensos
1124 660 1165 685 se
1187 647 1499 699 neglectosque.

191 707 230 743 2.
262 704 547 743 Indicandum
568 706 713 741 autem
733 704 921 754 primum
953 703 1110 750 fuisse3
1142 703 1242 742 dein
1268 704 1500 756 petendum

188 760 462 813 p1·aesidium;
503 760 727 811 postremo,
761 760 806 798 ni
846 761 1160 812 impetraretur,
1190 763 1286 799 tum
1318 761 1501 813 denique

189 818 453 870 querendum
493 818 648 856 frustra
681 830 803 868 opem
835 817 1120 869 imploratam.
1183 820 1221 857 3.
1254 818 1502 858 Exercitum

190 889 277 915 sese
297 888 383 914 non
413 876 459 914 in
479 887 629 927 agrum
660 874 895 926 Hirpinum
926 874 1230 923 Samnitemve,
1250 888 1304 914 ne
1338 879 1382 915 et
1410 877 1500 928 ipse

191 933 309 972 oneri
360 934 480 980 esset,
522 932 594 970 sed
644 932 690 970 in
734 933 925 984 proxima
975 932 1067 971 loca
1107 933 1313 972 sociorum
1354 933 1501 986 populi

189 990 372 1030 Romani
392 990 688 1029 adducturum.
751 989 810 1028 Iis
832 989 1083 1042 populandis
1105 992 1150 1029 et
1169 990 1356 1030 militem
1378 1004 1502 1030 suum

189 1047 454 1100 repleturum
494 1060 550 1094 se,
584 1049 628 1086 et
667 1050 785 1085 metu
824 1047 972 1099 procul
1015 1047 1069 1086 ab
1114 1048 1167 1086 iis
1208 1048 1502 1087 submoturum

189 1106 334 1144 hostis.
409 1107 448 1143 4.
483 1104 602 1151 Quod
637 1104 690 1143 ad
726 1104 887 1144 bellum
928 1104 1167 1143 Romanum
1207 1106 1424 1153 attineret,
1467 1106 1501 1144 si

189 1163 426 1202 Trasimeni
467 1163 595 1214 quam
635 1161 812 1210 Trebiae,
843 1163 878 1201 si
921 1161 1159 1201 Cannarum
1200 1164 1328 1214 quam
1364 1163 1502 1202 Trasi-

189 1221 317 1268 meni,
367 1232 510 1271 pugna
553 1218 736 1258 nobilior
785 1221 905 1267 esset,
956 1218 1193 1259 Cannarum
1244 1233 1284 1258 se
1336 1233 1502 1272 quoque

187 1277 438 1316 memoriam
460 1277 678 1316 obscuram
708 1276 866 1329 majore
888 1279 932 1316 et
962 1276 1138 1316 clariore
1159 1278 1337 1316 victori-52
1366 1278 1502 1317 factu·

188 1349 295 1374 rum.
373 1337 412 1374 5.
459 1333 565 1374 Cum
614 1333 694 1373 hoc
743 1347 939 1386 responso
979 1334 1307 1387 muneribusque
1348 1335 1501 1388 amplis

188 1393 350 1445 legatos
372 1392 564 1439 dimisit-3
587 1392 677 1444 ipse
691 1392 886 1444 praesidio
907 1392 1074 1431 modico
1095 1392 1244 1431 relicto
1267 1393 1312 1431 in
1333 1393 1500 1441 Tifatis,

186 1451 399 1503 profectus
421 1453 559 1489 cetero
582 1451 785 1497 exercitu,
807 1450 869 1488 ire
882 1449 1038 1488 Nolam
1058 1450 1213 1501 pergit.
1277 1450 1315 1489 6.
1339 1450 1500 1489 Eodem

186 1508 342 1547 Hanno
358 1521 409 1546 ex
427 1507 608 1546 Bruttiis
625 1520 721 1545 cum
739 1506 1034 1559 supplemento
1053 1507 1306 1559 Carthagine
1324 1507 1499 1547 advecto

186 1569 314 1618 atque
347 1565 586 1617 elephantis
619 1566 751 1604 venit.
825 1563 980 1604 Castris
1013 1564 1126 1603 haud
1159 1564 1306 1616 procul
1335 1566 1499 1617 positis,

186 1623 311 1675 longe
342 1622 426 1661 alia
449 1623 591 1661 omnia
619 1623 855 1674 inquirenti
878 1625 1094 1673 comperta
1115 1624 1224 1670 sunt,
1247 1624 1374 1674 quam
1406 1635 1500 1674 quae

186 1695 211 1720 a
232 1680 386 1733 legatis
408 1680 616 1719 sociorum
638 1680 845 1718 audierat.
909 1680 947 1719 7.
979 1678 1103 1718 Nihil
1123 1680 1238 1718 enim
1268 1679 1498 1719 Marcellus

186 1740 250 1778 ita
271 1740 429 1791 egerat,
451 1740 500 1776 ut
521 1740 596 1776 aut
618 1737 799 1777 fortunae
820 1740 895 1776 aut
916 1737 1074 1775 temere
1096 1736 1208 1775 hosti
1230 1738 1499 1777 commissum

186 1797 273 1835 dici
314 1798 478 1848 posset:
522 1794 737 1847 explorato
779 1808 877 1833 cum
917 1793 1131 1846 firmisque
1163 1794 1370 1847 praesidiis
1402 1798 1498 1835 tuto

187 1857 362 1906 receptu
402 1853 636 1905 praedatum
687 1853 809 1901 ierat,
862 1852 1088 1904 omniaque
1137 1851 1255 1891 velut
1304 1853 1499 1892 adversus

187 1914 439 1964 praesentem
492 1910 781 1949 Hannibalem
836 1913 958 1948 cauta
1011 1909 1261 1962 provisaque
1317 1911 1498 1950 fuerant.

189 1973 227 2008 8.
270 1969 394 2016 Tum,
436 1967 509 2007 ubi
550 1969 681 2006 sensit
721 1969 885 2007 hostem
922 1967 1163 2015 adventare,
1206 1968 1346 2020 copias
1386 1969 1502 2009 intra.

186 2027 344 2066 moenia
365 2026 531 2072 tenuit3
553 2038 628 2078 per
648 2039 788 2064 muros
809 2024 1072 2064 inambulare
1088 2028 1297 2064 senatores
1314 2025 1499 2065 Nolanos

181 2085 313 2138 jussit
335 2086 378 2123 et
400 2083 542 2122 omnia
556 2083 667 2122 cirea
679 2082 907 2135 explorare,
929 2095 1022 2134 quae
1043 2082 1155 2134 apud
1175 2083 1314 2121 hostes
1336 2082 1499 2122 fierent.

190 2145 228 2182 9.
262 2142 327 2181 Ex
347 2141 412 2180 his
435 2140 602 2188 Hanno,
624 2154 756 2193 quum
777 2141 830 2179 ad
851 2153 1019 2178 murum
1041 2140 1315 2187 successisset,
1338 2140 1500 2180 Heren-

187 2201 309 2239 nium
358 2199 535 2238 Bassum
584 2201 629 2237 et
678 2198 859 2237 Herium
908 2197 1100 2237 Pettium
1140 2197 1192 2236 ad
1243 2197 1501 2251 colloquium

188 2260 394 2305 evocatos,
410 2257 698 2309 permissuque
711 2255 905 2294 Marcelli
921 2268 1117 2308 eg1·eSSOS‚
1134 2268 1208 2307 per
1224 2255 1501 2308 interpretem

189 2315 434 2367 alloquitur.
529 2316 593 2353 10.
646 2312 899 2353 Hannibalis
949 2313 1155 2352 virtutem
1205 2313 1502 2365 fortunamque

191 2372 387 2420 extollit;
418 2371 566 2425 populi
600 2371 781 2410 Romani
821 2370 980 2410 obterit
1010 2373 1059 2409 ut
1091 2374 1374 2410 senescentem
1405 2384 1502 2410 cum

191 2430 351 2471 viribus
391 2429 671 2482 majestatem.
749 2431 813 2468 11.
866 2428 967 2476 Quae
1007 2428 1042 2467 si
1092 2428 1209 2481 paria
1260 2431 1412 2477 essent,
1452 2431 1503 2468 ut
