1663 2718
150 131 201 168 542
441 130 554 168 TITI
589 131 730 169 LIVH
766 131 1162 170 HISTORIARUM

148 243 286 294 patres
314 241 486 280 incessit
506 243 735 290 cernentes,
756 244 914 294 quanta
933 242 1007 281 vix
1025 240 1306 282 tolerantibus
1326 241 1461 282 Puni·-

150 311 248 337 cum
288 297 451 337 bellum
489 297 757 338 Macedonici
796 299 899 338 belli
938 298 1071 339 moles
1110 300 1300 339 instaret.
1380 298 1461 340 Cui

149 358 292 394 tamen
317 355 419 394 adeo
451 368 538 394 non
561 356 884 405 succubuerunt,
921 357 960 396 6.
998 359 1048 396 ut
1078 356 1291 409 extemplo
1322 357 1462 409 agita-

149 415 279 460 retur,
300 425 429 464 quem
449 412 502 452 ad
522 412 696 453 modum
716 413 828 453 ultro
849 414 1066 453 inferendo
1087 413 1199 453 bello
1219 416 1462 453 averterent

149 470 202 510 ab
223 469 353 509 Italia
374 470 548 509 hostem.
610 470 650 511 7.
682 469 870 523 Captivis
900 472 946 510 in
973 471 1143 510 vincula
1168 471 1292 510 condi
1316 470 1460 524 jussis,

150 527 460 580 comitibusque
482 541 628 566 eorum
649 528 724 568 sub
741 529 860 568 hasta
880 528 1079 578 venditis,
1092 528 1146 568 ad
1157 541 1286 568 naves
1302 529 1462 581 viginti

150 586 352 637 quinque,
374 585 527 637 quibus
546 584 595 624 P.
617 585 810 625 Valerius
831 586 1006 625 Flaccus
1026 586 1248 638 praefectus
1269 588 1461 638 praeerat,

151 643 309 694 viginti
341 643 532 694 quinque
562 643 701 695 parari
727 643 831 682 alias
863 643 1109 682 decernunt.
1172 645 1211 682 8.
1233 643 1314 682 His
1350 656 1463 681 com-

150 701 309 752 paratis
344 699 634 751 deductisque,
670 702 714 739 et
746 700 903 739 additis
936 701 1123 752 quinque
1155 699 1349 747 navibus,
1369 712 1463 752 quae

151 758 407 796 advexerant
447 758 634 808 captivos
666 755 843 809 legatos,
884 758 1066 809 triginta
1100 770 1226 796 naves
1258 757 1311 797 ab
1344 755 1465 797 Ostia

151 814 382 853 Tarentum
403 814 601 866 profectae
620 828 630 861 ;
663 815 701 853 9.
727 814 951 867 jussusque
972 814 1020 853 P.
1042 814 1236 854 Valerius
1252 814 1464 853 militibus

151 872 434 920 vai-romanis,
466 871 618 923 quibus
649 871 697 910 L.
720 872 922 924 Apustius
953 871 1119 924 legatus
1155 872 1330 912 Tarenti
1359 884 1465 924 prae-

153 932 256 976 erat,
278 930 323 967 in
344 942 470 967 naves
498 929 708 981 impositis
736 930 1049 982 quinquaginta
1078 930 1265 982 quinque
1292 930 1463 968 navium

153 986 280 1025 classe
310 999 395 1025 non
426 987 539 1025 tueri
565 986 689 1025 modo
725 986 864 1026 Italiae
900 1000 1029 1036 oram,
1065 987 1137 1027 sed
1168 986 1382 1039 explorare
1413 986 1465 1025 de

152 1043 425 1083 Macedonico
446 1043 573 1083 bello.
640 1046 702 1083 10.
735 1044 781 1084 Si
812 1045 1091 1097 congruentia
1116 1044 1251 1083 literis
1282 1043 1466 1096 legator-

153 1115 309 1153 umque
331 1101 502 1140 indiciis
522 1100 717 1154 Philippi
738 1101 914 1141 consilia
934 1104 1085 1150 essent,
1102 1105 1152 1140 ut
1173 1101 1233 1140 M.
1247 1101 1467 1140 Valerium

153 1163 377 1212 praetorem
426 1158 562 1197 literis
613 1160 835 1198 certiorem
885 1159 1062 1207 faceret-3
1126 1161 1192 1198 11.
1234 1159 1365 1210 isque,
1416 1157 1464 1196 L.

154 1217 333 1269 Apustio
347 1215 487 1268 legato
503 1216 707 1255 exercitui
722 1217 958 1269 praeposito,
976 1217 1209 1256 Tarentum
1225 1215 1278 1255 ad
1293 1215 1468 1254 classem

155 1274 382 1327 profectus,
398 1274 535 1326 primo
557 1286 723 1326 quoque
740 1277 928 1327 tempore
950 1275 995 1313 in
1018 1274 1312 1314 Macedoniam
1332 1275 1467 1312 trans-

154 1332 366 1379 mitteret,
408 1331 611 1382 daretque
652 1345 836 1384 operam,
876 1334 926 1370 ut
965 1331 1220 1384 Philippum
1260 1331 1306 1370 in
1338 1343 1468 1383 regno

156 1390 407 1428 contineret.
459 1390 523 1427 12.
546 1388 731 1428 Pecunia
745 1389 797 1428 ad
819 1389 991 1428 classem
1004 1390 1209 1428 tuendam
1222 1387 1468 1440 bellumque

156 1446 484 1486 Macedonicum
526 1458 574 1484 ea
613 1446 783 1485 decreta
823 1449 901 1494 est,
942 1459 1035 1499 quae
1076 1447 1154 1499 Ap.
1198 1445 1375 1486 Claudio
1417 1445 1467 1483 in

159 1504 352 1544 Siciliam
382 1504 511 1542 missa
540 1505 643 1551 erat,
664 1506 714 1543 ut
744 1504 990 1543 redderetur
1020 1504 1201 1543 Hieroni
1232 1503 1350 1555 regi3
1380 1502 1471 1541 haec

158 1575 233 1615 per
276 1561 325 1600 L.
367 1561 604 1600 Antistium
654 1560 845 1614 legatum
890 1562 1123 1601 Tarentum
1173 1563 1238 1601 est
1280 1561 1472 1600 devecta.

163 1622 228 1659 13.
261 1618 400 1659 Simul
435 1619 488 1658 ab
518 1618 704 1658 Hierone
733 1619 860 1658 missa
892 1619 1074 1659 ducenta
1105 1618 1245 1658 millia
1279 1617 1472 1657 modium

160 1677 312 1726 tritici,
336 1679 381 1716 et
401 1676 550 1715 hordei
573 1679 760 1716 centum.

563 1895 829 1936 CHAPTER
869 1894 1079 1934 XXXIX.

164 1982 286 2024 Philip,
310 1982 459 2022 learning
489 1981 562 2012 that
593 1981 648 2012 tho
678 1980 915 2012 Ambassadors
939 1980 1003 2012 and
1029 1981 1157 2012 Letters
1179 1979 1247 2011 had
1276 1978 1376 2010 fallen
1408 1977 1478 2010 into

208 2026 263 2057 the
288 2025 403 2056 Hands
432 2025 468 2056 of
489 2025 543 2055 tho
569 2024 722 2061 Romans,
750 2024 846 2054 sends
869 2023 962 2055 other
985 2023 1222 2055 Ambassadors
1245 2027 1279 2053 to
1295 2020 1476 2053 Hannibal.

207 2069 312 2100 These
340 2068 434 2099 reach
465 2067 635 2099 Hannibal
660 2066 725 2098 and
749 2072 859 2098 return
884 2067 916 2097 in
944 2066 1067 2108 Safety.
1126 2066 1247 2097 Fabius
1271 2074 1394 2096 crosses
1421 2063 1478 2095 tho

207 2112 397 2149 Volturnus,
415 2111 479 2142 and
495 2111 586 2142 takes
599 2109 688 2151 joint
704 2110 820 2141 Action
837 2109 917 2141 with
940 2109 991 2140 his
1009 2110 1192 2150 Colleaguo.
1246 2106 1478 2143 Combulteria,

208 2156 360 2192 Trebula,
387 2154 451 2185 and
477 2153 658 2191 Austicula,
689 2153 834 2185 revolted
859 2152 970 2190 citios,
1000 2153 1144 2185 retaken.
1204 2151 1274 2183 Tho
1303 2151 1422 2190 Pcoplo
1445 2149 1483 2181 of

209 2198 299 2230 Nola
328 2197 482 2229 meditate
513 2198 568 2228 tho
598 2196 806 2228 Destruction
836 2197 873 2227 of
899 2196 985 2227 their
1014 2195 1176 2237 principal
1206 2195 1294 2226 Men.
1357 2192 1480 2224 Fabius

212 2252 361 2282 encamps
388 2241 489 2273 abore
521 2240 682 2273 Suessula.
741 2239 789 2271 M.
813 2239 989 2271 Marcellus
1020 2243 1093 2271 sent
1123 2243 1156 2270 to
1186 2247 1307 2279 occupy
1334 2236 1481 2268 Nola.—

211 2294 272 2317 n.c.
290 2287 363 2317 215.

230 2359 266 2397 1.
298 2357 400 2397 DUM
422 2357 510 2397 haec
532 2356 712 2396 Romani
728 2358 879 2409 parant
899 2359 1133 2408 aguntque,
1155 2354 1208 2394 ad
1228 2353 1483 2406 Philippum

170 2415 335 2470 captiva
358 2415 477 2454 navis
498 2428 582 2454 una
604 2428 655 2453 ex
676 2414 743 2464 iis,
765 2427 859 2467 quae
891 2413 1071 2453 Romam
1102 2414 1240 2453 missae
1271 2414 1406 2462 erant,
1431 2423 1481 2451 ex
