1663 2718
422 155 591 193 LIBER
630 155 791 193 XXIII.
847 155 965 193 CAP.
993 155 1143 193 XLIX.
1390 158 1440 197 67

135 264 189 306 ad
210 265 505 305 Trasimenum
526 264 678 314 lacum,
699 268 744 305 et
763 264 817 304 ad
830 265 1004 315 Cannas,
1027 266 1305 305 imminutum
1322 288 1334 314 ς
1365 268 1440 319 qui

133 326 396 376 superessent
415 323 552 375 pauci,
574 323 610 362 si
636 322 869 375 multiplici
905 326 1181 375 gravarentur
1213 324 1439 376 stipendio,

133 379 218 420 alia
234 381 441 433 perituros
462 383 604 432 peste:
638 381 676 419 9.
699 380 842 432 itaque
863 381 943 419 nisi
982 380 1064 420 fide
1086 383 1218 420 staret
1250 381 1440 434 respubl-

133 438 212 485 ica,
248 437 398 490 opibus
427 450 513 476 non
543 439 760 476 staturam.
826 439 891 477 10.
923 437 1223 477 Prodeundum
1254 439 1299 477 in
1342 452 1434 478 con-

133 495 299 534 cionem
320 493 472 533 Fulvio
490 495 657 546 praetori
674 508 761 534 esse
777 508 787 542 ;
809 495 1054 534 indicandas
1069 495 1227 547 populo
1250 495 1439 547 publicas

134 552 402 591 necessitates
416 565 426 599 3
449 551 821 604 cohortandosque,
837 553 912 604 qui
928 552 1209 604 redempturis
1225 553 1440 592 auxissent,

133 609 403 662 patrimonia,
434 612 483 648 ut
512 608 769 662 reipublicae,
801 622 852 648 ex
881 613 964 661 qua-i
993 610 1235 657 crevissent,
1271 613 1438 662 tempus

132 666 448 706 commodarent
481 666 845 719 conducerentque
880 671 929 706 esi
967 665 1061 719 lege
1100 666 1337 719 praebenda,
1373 669 1438 706 11.

131 737 226 776 quae
246 723 299 763 ad
320 724 552 763 exercitum
574 724 897 776 Hispaniensem
918 737 1020 776 opus
1041 726 1194 771 essent,
1215 727 1277 771 ut,
1307 737 1439 777 quum

132 782 312 834 pecunia
328 782 371 819 in
390 782 532 821 aerario
554 786 675 829 esset,
697 782 749 821 iis
769 782 917 834 primis
939 781 1181 821 solveretur.
1249 783 1311 820 12,
1337 781 1440 821 Haec

132 841 285 891 praetor
306 839 351 877 in
373 839 571 878 concione
592 839 752 886 edixit3
783 840 949 891 quoque
971 838 1040 878 die
1061 839 1332 888 vestimenta,
1353 839 1440 878 fru-

115 899 326 935 ‘mentum
348 896 621 948 Hispaniensi
649 897 854 935 exercitui
885 896 1121 949 praebenda,
1142 909 1319 948 quaeque
1355 895 1439 936 alia

131 966 234 1006 opus
255 957 393 993 essent
413 952 631 992 navalibus
653 954 788 1002 sociis,
809 957 918 993 esset
942 953 1167 993 locaturus.

555 1166 821 1208 CHAPTER
855 1167 1015 1208 XLIX.

130 1252 198 1285 Tho
222 1253 428 1285 contractors
452 1262 547 1293 agree
570 1256 604 1283 to
626 1252 754 1283 furnish
771 1251 859 1283 what
882 1251 910 1283 is
934 1252 1093 1293 required,
1109 1262 1150 1284 on
1168 1252 1344 1285 Condition
1368 1262 1440 1286 tnnc

174 1296 250 1337 they
277 1307 331 1327 are
357 1295 525 1336 exempted
552 1296 634 1326 from
659 1295 786 1326 Servico
811 1295 906 1325 while
936 1296 1079 1336 engaged
1105 1296 1138 1327 in
1174 1296 1361 1337 furnishing
1383 1298 1439 1329 the

173 1339 333 1380 Supplics,
351 1339 414 1370 and
443 1339 514 1369 that
541 1338 595 1369 the
619 1338 767 1379 Supplies
793 1338 911 1369 should
936 1339 974 1369 ho
999 1338 1179 1370 sorwnrded
1204 1343 1239 1370 at
1254 1339 1309 1370 the
1330 1341 1440 1381 public

173 1382 265 1414 Risk.
322 1382 426 1413 These
454 1382 566 1412 Temns
597 1381 763 1412 coneeded.
831 1381 964 1421 Iliturgi
996 1381 1144 1422 besieged
1171 1382 1214 1422 by
1239 1382 1437 1421 Hasdrubal,

171 1425 280 1465 Mago.
306 1425 371 1456 and
397 1425 565 1456 Hannibal
595 1425 649 1455 the
676 1424 740 1455 Son
765 1424 802 1455 of
823 1424 992 1455 Bomilcar.
1049 1425 1118 1456 Tho
1143 1424 1269 1466 Scipios
1284 1430 1337 1457 cut
1352 1426 1439 1458 their

171 1468 256 1509 IVay
283 1467 422 1508 through
449 1467 503 1499 the
528 1467 618 1498 three
653 1467 781 1508 Camps.
810 1467 884 1503 and,
909 1467 1069 1508 throwing
1099 1468 1249 1509 Supplies
1282 1469 1351 1500 into
1382 1469 1438 1501 tho

171 1511 281 1548 Town,
313 1510 453 1542 advance
477 1516 511 1542 to
542 1510 597 1541 tho
622 1510 742 1541 Attack
768 1510 805 1541 of
832 1510 1048 1541 Ilasdrubal's
1075 1511 1188 1551 Camp.
1245 1511 1275 1542 A
1305 1513 1437 1551 general

171 1554 393 1595 Engngement
409 1564 530 1585 ensues.
578 1553 647 1584 Tho
673 1553 799 1594 Scipios
815 1553 890 1594 gain
908 1564 927 1584 a
943 1552 1082 1585 decisivo
1098 1554 1242 1595 Victory.
1287 1554 1380 1595 Siege
1404 1556 1441 1587 of

169 1597 301 1639 Iliturgi
319 1597 435 1628 raised.
480 1597 550 1628 The
567 1596 816 1637 Carthaginians
841 1596 974 1637 proceed
991 1602 1023 1627 to
1040 1597 1093 1628 tho
1108 1597 1229 1629 Attack
1244 1597 1281 1629 of
1294 1597 1436 1631 Intibili.

169 1640 318 1672 Another
331 1641 459 1680 general
479 1640 706 1680 lingagement,
725 1639 757 1669 in
783 1639 886 1670 which
909 1639 965 1670 the
986 1639 1110 1680 Scipios
1131 1651 1185 1672 are
1208 1639 1304 1681 again
1320 1640 1437 1673 victor·

170 1683 252 1716 ious.
297 1684 427 1715 Almost
442 1683 487 1714 all
504 1682 602 1724 Spain
613 1681 702 1724 joins
719 1682 773 1714 the
791 1682 1051 1714 Romans—Bc.
1069 1685 1141 1715 215.

188 1761 225 1798 1.
259 1759 341 1799 Um
363 1772 412 1799 ea
432 1759 522 1798 dies
544 1759 674 1806 venit,
695 1758 748 1797 ad
770 1757 1089 1797 conducendum
1110 1761 1194 1799 tres
1215 1760 1435 1801 societates

125 1817 302 1857 aderant
332 1817 555 1855 hominum
586 1816 870 1868 undeviginti,
891 1829 1071 1868 quorum
1104 1816 1186 1856 (luo
1218 1817 1434 1869 postulata

126 1875 538 1921 fue1·e;—-2.uuum,
560 1876 608 1912 ut
623 1873 783 1912 militia
799 1876 1008 1921 vacarent,
1018 1873 1118 1912 dum
1135 1874 1179 1913 in
1201 1888 1248 1913 eo
1262 1875 1433 1927 publico

125 1936 293 1979 essent3
325 1930 519 1979 alterum,
561 1934 622 1978 ut,
657 1943 750 1982 quae
782 1931 827 1970 in
868 1943 994 1970 naves
1025 1931 1340 1983 imposuissent,
1380 1933 1434 1973 ab

124 1989 312 2028 hostium
361 1989 708 2041 tempestatisque
753 1988 793 2027 vi
835 1987 1005 2040 publico
1045 1987 1232 2040 periculo
1281 1993 1432 2030 essent.

125 2049 164 2085 3.
199 2046 389 2098 Utroque
411 2047 638 2098 impetrato
661 2045 966 2092 conduxerunt,
987 2046 1234 2098 privataque
1255 2048 1434 2099 pecunia

124 2103 360 2157 respublica
391 2103 688 2143 administrata
719 2106 797 2142 est.
870 2103 910 2141 Ii
941 2116 1077 2142 mores
1114 2117 1247 2155 eaque
1278 2105 1432 2144 caritas

124 2162 273 2214 patria>
293 2174 368 2214 per
389 2174 532 2200 omnes
553 2160 717 2200 ordines
738 2159 858 2199 velut
887 2163 1031 2200 tenore
1059 2173 1142 2200 uno
1175 2161 1430 2213 pertinebat.

123 2222 163 2258 4.
197 2218 332 2266 Quem
373 2218 426 2258 ad
463 2218 636 2258 modum
671 2217 879 2257 conducta
919 2218 1060 2256 omnia
1094 2230 1248 2271 magno
1289 2219 1431 2259 animo

123 2279 236 2324 sunt,
267 2277 326 2315 sic
359 2280 521 2315 summa
553 2275 635 2315 fide
667 2275 858 2327 praebita,
890 2288 967 2314 nec
997 2275 1226 2327 quicquam
1266 2277 1431 2329 parcius

121 2332 335 2373 militibus
365 2333 512 2372 datum
533 2335 661 2386 quam
683 2333 716 2372 si
747 2346 797 2372 ex
818 2331 1018 2385 opulento
1049 2333 1207 2382 aerario,
1228 2336 1279 2373 ut
1297 2347 1433 2386 quon-

121 2391 234 2439 dam,
256 2390 483 2430 alerentur.

179 2450 219 2488 5.
251 2447 393 2495 Quum
425 2448 470 2486 hi
501 2449 760 2488 commeatus
779 2450 1000 2496 venerunt,
1021 2447 1197 2502 Iliturgi
1228 2448 1432 2503 oppidum
