1663 2718
489 153 656 192 LIBER
690 153 848 191 XXIII.
908 153 1023 191 CAP.
1053 153 1149 191 XII.
1417 157 1463 194 15

162 263 261 311 fuit,
293 266 344 303 ut
379 263 656 304 metientibus
687 276 811 316 supra
847 266 931 302 tres
963 263 1125 303 modios
1157 264 1342 316 explesse
1382 266 1469 305 sint

161 321 334 373 quidam
365 324 584 368 auctorem
618 323 656 359 2.
688 320 801 359 fama
841 321 997 367 tenuit,
1027 334 1122 373 quae
1161 322 1331 374 propior
1370 335 1467 362 vcro

161 381 239 426 est,
275 378 388 417 haud
424 378 518 431 plus
552 377 681 417 fuisse
713 377 867 417 modio.
929 377 1098 430 Adjecit
1133 379 1285 418 deinde
1315 379 1467 427 verbis,

160 435 244 488 quo
265 435 436 488 majoris
467 434 597 474 cladis
617 435 824 474 indicium
845 438 965 482 esset,
986 435 1200 474 neminem
1225 437 1308 475 nisi
1329 437 1468 488 equit-

161 505 230 533 em
260 495 387 544 atque
417 505 562 532 eorum
597 492 783 544 ipsorum
804 492 1008 544 primores
1044 492 1088 531 id
1119 506 1264 545 gerere
1285 493 1466 545 insigne.

163 552 201 589 3.
233 548 410 589 Summa
431 550 516 589 fuit
537 550 752 598 orationis,
774 563 857 601 quo
879 550 1050 602 propius
1082 563 1199 602 spem
1221 549 1467 602 perficiendi

162 607 231 655 sit,
262 620 310 646 eo
346 607 482 659 magis
515 608 632 647 omni
668 620 746 660 ope
774 606 1011 659 juvandum
1046 607 1333 646 Hannibalem
1367 621 1465 646 esse.

161 666 202 703 4.
233 663 387 703 Procul
408 665 524 704 enim
549 664 602 704 ab
624 664 747 704 domo
778 664 983 704 militiam
1005 678 1092 703 essc
1114 665 1158 703 in
1190 665 1330 704 medi-fi
1350 665 1466 704 host-

161 722 252 760 ium
273 724 398 770 terra-1,
429 735 628 774 magnam
659 723 747 760 vim
777 721 982 761 frumenti
1004 723 1194 774 pecunia}
1224 722 1402 770 absumi,
1424 726 1466 761 et

160 782 228 818 tot
267 779 390 827 acies,
426 783 475 818 ut
512 779 698 818 hostium
735 779 940 818 exercitiis
981 778 1150 826 delesse,
1192 780 1253 818 ita
1294 779 1466 818 victoris

139 836 291 891 ‘etiam
339 837 480 889 copias
512 840 632 889 parte
676 836 820 888 11111111ῑῖ,
854 836 1089 875 minuisse:
1135 838 1173 875 5.
1206 837 1465 875 mittendum

160 893 294 946 igitur
329 893 673 946 supplementum
706 906 806 941 esse,
836 894 1091 932 mittendam
1123 894 1167 931 in
1204 894 1466 946 stipendium

160 950 382 1002 pecuniam
410 951 757 1003 frumentumque
788 953 878 989 tam
899 950 1003 989 bene
1036 951 1198 989 meritis
1221 950 1272 989 dc
1294 951 1464 989 nominc

158 1007 320 1047 Punico
341 1007 567 1047 militibus.

217 1065 256 1105 6.
289 1064 530 1105 Secundum
580 1065 667 1105 11ωο
709 1065 822 1104 (licta
861 1065 1056 1117 Magonis
1096 1065 1205 1105 laetis
1256 1065 1464 1112 omnibus,

158 1122 361 1170 Himilco,
383 1123 448 1161 vir
464 1123 658 1162 factionis
681 1123 882 1170 Barcinae,
904 1122 1043 1161 locum
1062 1123 1281 1162 Hannonis
1302 1124 1465 1175 increp-

157 1180 258 1219 andi
280 1193 365 1219 esse
387 1183 516 1228 ratus,
553 1184 579 1203 “
594 1179 705 1226 Quid
732 1183 808 1228 est,
830 1180 1015 1219 Hanno?
1032 1179 1052 1197 ”
1087 1181 1229 1232 inquit
1248 1195 1257 1227 ;
1290 1184 1315 1204 ‘⁶
1333 1181 1464 1219 etiam

157 1250 269 1276 nunc
291 1238 466 1289 paenitet
483 1237 585 1276 belli
602 1238 783 1289 suscepti
805 1237 1002 1276 adversus
1019 1237 1259 1277 Romanos?
1292 1238 1329 1277 7.
1352 1237 1378 1277 J
1384 1237 1463 1276 ube

157 1294 255 1334 dedi
289 1294 587 1342 Hannibalem,
609 1298 705 1334 veta
736 1295 781 1333 111
814 1298 903 1333 111111
935 1296 1141 1347 prosperis
1171 1295 1294 1334 rebus
1325 1299 1464 1347 grates

157 1351 247 1391 deis
282 1351 595 1391 immortalibus
622 1352 705 1404 agi.
767 1352 999 1391 Audiamus
1030 1352 1270 1392 Romanum
1301 1356 1464 1391 senato-

156 1422 245 1449 rem
257 1409 303 1448 111
318 1409 735 1462 Carthaginiensium
752 1408 904 1448 0111·11“1.”
936 1409 1046 1448 Tum
1062 1409 1216 1448 Hanno
1232 1424 1241 1449 :
1266 1412 1304 1448 8.
1321 1414 1345 1433 ⁴<
1361 1410 1463 1448 Tac-

156 1467 311 1506 uissem
347 1466 486 1515 hodie,
508 1470 648 1520 patres
682 1467 922 1520 conscripti,
952 1480 1004 1506 ne
1034 1467 1138 1519 quid
1167 1467 1212 1506 in
1249 1468 1462 1506 communi

155 1525 347 1564 omnium
396 1525 567 1577 gaudio,
619 1525 759 1564 minus
820 1524 966 1564 laetum
1016 1524 1128 1577 quod
1176 1527 1284 1564 esset·
1330 1524 1462 1571 vobis,

156 1581 371 1635 loquerer:
416 1584 454 1622 9.
498 1595 611 1621 1111110
650 1583 933 1635 interroganti
969 1582 1165 1630 senatori,
1206 1582 1462 1634 paeniteatne

155 1639 294 1679 adhuc
314 1640 496 1693 suscepti
517 1640 712 1680 adversus
729 1639 938 1679 Romanos
959 1639 1075 1688 belli,
1097 1640 1130 1678 si
1153 1640 1366 1687 reticeam,
1388 1644 1463 1677 aut

155 1697 355 1750 superbus
385 1701 461 1736 aut
511 1697 714 1736 obnoxius
754 1697 911 1743 videar,
951 1710 1131 1749 quorum
1177 1696 1360 1735 alterum
1400 1700 1463 1735 est

153 1754 338 1794 hominis
388 1754 536 1794 alienae
577 1754 786 1794 libertatis
831 1754 970 1801 obliti,
1010 1753 1191 1792 alterum
1232 1767 1328 1793 suae.
1395 1755 1459 1792 10.

153 1811 444 1864 Respondeam
460 1811 480 1828 ”
503 1812 644 1863 inquit
667 1815 692 1835 ‘⁴
709 1811 957 1859 Himilconi,
979 1824 1062 1850 non
1085 1811 1238 1850 desisse
1260 1811 1461 1863 paenitcre

153 1882 222 1908 me
243 1868 359 1917 belli,
381 1882 518 1922 neque
539 1869 776 1908 desiturum
797 1869 896 1908 ante
918 1869 1127 1907 invictum
1157 1872 1343 1907 vestrum
1380 1869 1462 1906 im-

154 1930 392 1979 peratorem
432 1927 636 1975 incusare,
681 1928 810 1978 quam
851 1925 1023 1965 finitum
1065 1925 1206 1978 aliqui]
1245 1924 1460 1964 tolerabili

153 1983 396 2023 conditione
430 1983 586 2023 bellum
607 1983 774 2033 videro3
806 1996 884 2022 nec
904 1983 1011 2022 mihi
1042 1984 1154 2035 pacis
1179 1983 1365 2035 antiquae
1386 1982 1460 2022 de-

153 2041 355 2081 siderium
376 2040 464 2080 ulla
477 2040 561 2080 alia
577 2055 654 2089 res,
671 2043 799 2093 quam
815 2054 896 2094 pax
909 2053 1030 2089 nova,
1048 2041 1182 2079 finiet.
1219 2042 1284 2079 11.
1307 2040 1459 2092 Itaque

152 2099 247 2147 ista,
279 2111 373 2151 (11110
405 2098 530 2138 modo
563 2098 692 2151 Mago
722 2098 918 2151 jactavit,
954 2097 1190 2137 Himilconi
1227 2098 1458 2149 ceterisque

151 2155 407 2196 Hannibalis
422 2155 676 2195 satellitibus
687 2155 779 2209 jam
796 2155 893 2195 laeta
909 2158 1031 2194 sunt:
1054 2155 1160 2194 mihi
1176 2157 1349 2208 possunt
1362 2153 1459 2194 laeta

151 2226 251 2262 esse,
267 2215 369 2266 quia
400 2227 462 2253 res
494 2213 604 2253 bello
625 2213 731 2253 bene
752 2216 894 2266 gestae,
916 2213 950 2252 si
971 2212 1166 2252 volumus
1187 2212 1356 2252 fortuna
1377 2213 1457 2261 uti,

150 2283 296 2324 pacem
310 2271 429 2310 nobis
449 2271 673 2324 aequiorem
687 2271 862 2310 dabunt.
919 2272 983 2309 12.
1006 2270 1116 2309 Nam
1131 2271 1165 2309 si
1182 2270 1458 2322 praetermitt-

149 2329 260 2369 imus
286 2330 367 2369 hoc
387 2334 568 2381 tempus,
589 2342 672 2381 quo
693 2329 830 2381 magis
851 2328 963 2377 dare,
985 2329 1113 2380 quam
1135 2328 1340 2380 accipere,
1362 2340 1456 2379 pos-

148 2398 292 2426 sumus
313 2386 446 2425 videri
467 2399 626 2439 pacem,
648 2399 791 2425 vereor
815 2399 867 2426 ne
889 2385 977 2425 haec
997 2399 1163 2438 quoque
1183 2385 1336 2425 laetitia
1362 2384 1455 2423 lux-

149 2443 259 2483 111101
272 2443 391 2483 nobis
403 2457 451 2483 ac
468 2457 574 2483 vana
588 2443 751 2482 evadat.
801 2446 865 2483 13.
888 2443 989 2491 Quae
1004 2446 1145 2483 tamen
1159 2456 1271 2483 nunc
1287 2455 1455 2495 quoque
