1663 2718
172 129 223 166 50
467 130 579 167 ΤΙΤΙ
615 129 756 168 LIVII
791 120 1192 169 HISTORIARUM

175 241 323 288 animi,
344 243 395 280 ut
431 254 560 293 prope
595 241 641 280 in
675 240 935 281 oblivionem
969 241 1149 289 veniret,
1186 246 1272 294 qua
1301 255 1354 282 ex
1388 256 1485 283 con-

175 297 338 338 ditione
374 299 551 350 quisque
583 301 691 337 esset
722 298 845 338 miles
885 299 1036 338 factus.
1099 301 1164 338 10.
1196 299 1300 339 Haec
1339 301 1484 353 agenti

175 355 366 395 Graccho
409 355 542 408 legati
579 354 757 396 Cumani
791 356 1057 405 nuntiarunt,
1091 369 1184 409 quae
1205 370 1230 396 a
1262 356 1485 410 Campanis

174 413 332 466 legatio
359 426 513 465 paucos
543 416 643 452 ante
675 413 764 453 dies
794 414 991 462 venisset,
1023 417 1067 453 et
1097 414 1202 466 quid
1232 414 1286 453 iis
1316 415 1399 467 ipsi
1420 429 1486 454 rc—

175 471 465 523 spondissent:
498 470 640 510 triduo
671 473 767 523 post
799 485 897 510 eum
925 471 1039 510 diem
1072 471 1228 511 festum
1256 486 1369 520 esse3
1419 475 1484 512 11.

175 541 259 568 non
274 532 467 567 senatum
481 528 616 567 solum
631 542 800 568 omnem
815 529 878 568 ibi
895 529 1102 578 futurum,
1116 530 1188 569 sed
1205 532 1339 569 castra
1355 530 1487 569 etiam

176 588 220 625 et
242 587 475 625 exercitum
509 585 784 638 Campanum.
850 589 915 625 12.
949 586 1177 634 Gracchus,
1198 586 1326 639 jussis
1360 586 1487 627 Cum-

175 644 265 682 anis
279 645 422 683 omnia
442 657 492 682 ex
505 644 616 695 agris
637 644 683 682 in
704 644 851 683 urbem
866 644 1094 683 convehere
1117 647 1159 683 et
1181 657 1352 684 manere
1373 645 1487 683 intra

174 714 329 749 muros,
351 702 440 753 ipse
461 701 614 753 pridie,
635 703 764 752 quam
795 704 955 740 statum
977 700 1231 740 sacrificium
1263 701 1487 754 Campanis

175 761 295 806 esset,
333 758 482 798 Cumas
522 760 666 797 movet
700 761 847 797 castra.
908 758 1058 798 Hamae
1097 759 1197 798 inde
1226 759 1310 798 tria
1348 759 1488 798 millia

170 829 370 867 passuum
391 815 555 855 absunt.
621 817 686 855 13.
718 815 816 855 Jam
838 815 1040 868 Campani
1077 816 1124 855 eo
1155 817 1397 868 frequentes
1437 830 1489 856 ex

176 874 405 926 Composito
446 876 742 921 convenerant,
788 887 866 912 nec
906 873 1052 926 procul
1094 874 1193 913 inde
1236 875 1282 913 in
1323 873 1486 913 occulto

172 930 337 970 ”Marius
370 930 516 979 Alfius,
538 931 682 970 medix
710 932 965 970 tuticus—is
997 945 1182 970 summus
1214 932 1488 984 magistratus

175 991 266 1027 erat
287 987 666 1041 Campanis—cum
682 989 1000 1041 quatuordecim
1021 989 1212 1028 millibus
1230 993 1487 1028 armatorum

174 1046 360 1085 habebat
401 1049 549 1094 castra,
586 1048 651 1085 14.
693 1046 896 1085 sacrificio
938 1047 1190 1098 apparando,
1220 1049 1264 1085 et
1296 1048 1409 1086 intcr
1442 1047 1487 1086 id

173 1104 433 1143 instruendae
454 1103 606 1152 fraudi,
623 1103 842 1155 aliquanto
864 1105 1083 1151 intentior,
1098 1106 1225 1155 quam
1246 1104 1488 1143 muniendis

175 1162 322 1200 castris
353 1164 428 1200 aut
449 1161 528 1200 ulli
559 1160 741 1199 militari
764 1162 892 1213 operi.
959 1162 1024 1200 15.
1058 1159 1286 1215 [Triduum
1308 1161 1489 1200 sacrific-

175 1221 293 1258 atum
314 1218 367 1257 ad
389 1216 583 1272 Hamas]
615 1218 883 1257 Nocturnum
912 1221 1003 1257 erat
1024 1232 1201 1265 sacrum,
1222 1219 1284 1257 ita
1306 1222 1355 1258 ut
1390 1222 1489 1258 ante

174 1276 360 1315 mediam
381 1278 550 1315 noctem
586 1275 879 1328 compleretur.
946 1276 1010 1315 16.
1043 1275 1158 1314 Huic
1180 1275 1392 1316 Grac-chus
1423 1277 1490 1316 in-

174 1334 418 1373 sidiandum
447 1334 630 1386 tempori
662 1336 792 1381 ratus,
815 1333 1056 1373 custodibus
1078 1333 1132 1373 ad
1162 1337 1304 1386 portas
1325 1335 1489 1387 positis,

173 1405 226 1431 ne
257 1392 350 1444 quis
382 1392 604 1431 enuntiare
634 1394 774 1444 posset
795 1394 945 1444 coepta,
968 1394 1012 1430 ct
1042 1394 1141 1430 ante
1173 1391 1382 1430 decimam
1402 1392 1489 1431 dici

174 1449 323 1489 horam
373 1450 528 1489 coactis
579 1449 792 1488 militibus
843 1462 1015 1501 corpora
1065 1462 1209 1488 curare
1261 1463 1488 1501 somnoque

175 1521 345 1560 operam
366 1507 479 1556 dare,
505 1507 569 1547 17.
601 1509 651 1546 ut
671 1507 818 1559 primis
839 1507 1025 1545 tenebris
1046 1507 1270 1546 convenire
1301 1506 1354 1545 ad
1375 1508 1490 1559 sign-

174 1579 247 1604 um
287 1569 470 1618 passent‚
511 1564 661 1617 vigilia
700 1564 831 1603 ferme
876 1565 1013 1617 prim-Ut
1053 1564 1149 1603 tolli
1184 1564 1314 1616 jussit
1354 1565 1488 1617 signa,

175 1623 404 1676 silentique
436 1622 648 1675 profectus
682 1623 866 1675 agmine,
903 1635 1034 1674 quum
1074 1622 1127 1661 ad
1159 1622 1318 1661 Hamas
1348 1622 1491 1661 media

174 1683 298 1720 nocte
319 1681 588 1733 pervenisset,
610 1682 675 1719 18.
709 1683 843 1719 castra
866 1679 1091 1732 Campana,
1113 1682 1163 1719 ut
1192 1680 1238 1719 in
1259 1679 1487 1732 pervigilio

174 1738 384 1791 neglecta,
417 1737 543 1778 simul
577 1737 772 1777 omnibus
802 1738 935 1790 portis
971 1737 1167 1786 invadit3
1209 1737 1313 1777 alios
1344 1750 1489 1777 somno

175 1799 339 1844 stratos,
376 1796 481 1836 alios
517 1798 759 1849 perpetrato
793 1809 907 1835 sacro
939 1795 1123 1835 inermes
1162 1795 1386 1835 redeuntes
1418 1794 1489 1834 ob-

175 1857 359 1894 truncat.
425 1856 490 1893 19.
522 1854 758 1893 Hominum
775 1867 822 1893 eo
843 1852 1034 1893 tumultu
1049 1855 1256 1893 nocturno
1277 1865 1380 1893 caesa
1395 1851 1489 1905 plus

176 1912 258 1951 duo
272 1911 410 1951 millia
432 1925 529 1950 cum
550 1913 640 1964 ipso
655 1912 760 1951 duce
774 1911 912 1951 Mario
930 1910 1039 1951 Alfio
1057 1925 1068 1959 3
1091 1911 1205 1965 capti
1227 1910 1289 1961 *⁴¹¹3
1307 1913 1351 1951 et
1370 1911 1490 1963 signa

175 1969 382 2010 militaria
403 1972 583 2022 quatuor
605 1972 650 2009 et
670 1970 866 2022 triginta.
