1663 2718
476 132 643 171 LIBER
677 131 839 170 XXIII.
896 131 1012 171 CAP.
1042 132 1200 171 XXIX.
1432 136 1481 174 3¹.)

588 281 854 323 CHAPTER
893 281 1058 321 XXIX.

174 381 244 413 The
266 381 393 413 Roman
416 380 481 412 and
503 379 739 421 Carthaginian
762 380 902 418 Armios,
917 381 1002 411 after
1017 380 1120 421 slight
1141 381 1342 414 Eucountors
1363 382 1481 424 during

218 434 306 456 some
317 425 378 455 sew
393 423 492 465 Days,
503 424 597 455 make
612 423 842 464 Preparations
858 424 910 455 sor
925 434 944 454 a
959 424 1088 463 general
1102 425 1231 456 Attack.
1277 425 1479 466 Disposition

216 467 254 498 of
269 467 326 498 the
352 467 614 507 Carthagiuians.
660 466 786 498 Roman
813 466 929 497 Forces
955 466 1131 498 determino
1155 471 1188 498 to
1210 478 1350 507 conquer
1365 479 1402 499 or
1417 468 1478 501 dic.

215 509 405 541 Hasdrubal
429 509 552 541 routed.
599 509 692 541 Flces
715 509 794 540 with
817 509 894 550 only
918 520 937 539 a
962 509 1023 540 few
1046 509 1231 541 Followers.
1277 511 1407 542 Almost
1435 511 1481 543 all

216 552 314 594 Spain
330 552 475 584 attaches
491 553 584 584 itself
598 557 631 584 to
647 552 702 583 tho
718 551 871 583 Romans.
917 552 980 593 Joy
996 556 1032 583 at
1049 552 1265 584 Rome—nc.
1284 555 1357 585 216.

235 641 271 679 1.
304 638 496 687 QUINQUE
517 639 704 679 millium
721 639 945 679 intervallo
967 642 1102 678 castra
1122 640 1325 679 distantia
1347 640 1480 679 habu-

173 709 243 735 ere
278 710 431 749 paucos
470 697 574 745 dios,
605 710 682 736 nec
722 697 811 736 sine
845 696 1009 736 levibus
1049 697 1210 749 proeliis
1243 710 1319 736 nec
1350 702 1399 736 ut
1432 699 1477 738 in

173 753 309 793 aciem
330 755 523 802 exirent3
556 757 594 793 2.
617 754 791 793 tandem
818 767 901 793 uno
923 753 1155 806 eodemque
1186 754 1255 793 dic
1278 754 1396 793 velut.
1427 769 1477 794 ex

173 812 405 864 composito
446 813 661 863 utrimque
703 812 871 863 signum
911 824 1064 863 pugnae
1104 812 1367 863 propositum
1399 816 1476 859 est,

162 870 301 920 ‘atque
351 869 547 908 omnibus
597 869 728 921 copiis
778 869 824 907 in
864 881 1060 920 campum
1110 869 1353 908 descensum
1399 874 1474 909 est.

174 927 213 964 3.
245 924 417 977 Triplex
451 927 574 964 stetit
606 925 796 964 Romana
829 926 964 964 acies:
1005 925 1186 964 velitum
1227 939 1320 978 pars
1362 927 1475 966 inter

172 983 468 1035 antesignanos
505 982 655 1029 locata,
689 996 782 1035 pars
815 985 910 1033 post
941 983 1061 1033 signa
1093 987 1279 1034 accepta,
1311 984 1475 1035 equites

172 1051 327 1078 cornua
347 1040 528 1079 cinxere.
589 1042 629 1078 4.
652 1039 891 1078 Hasdrubal
911 1039 1096 1078 mediam
1117 1040 1252 1079 aciem
1273 1040 1474 1092 Hispanis

171 1096 341 1144 firmat3
371 1097 416 1135 in
451 1097 658 1143 cornibus,
694 1097 840 1136 dextro
874 1097 1024 1136 Poenos
1060 1096 1185 1144 locat,
1217 1096 1320 1136 laevo
1354 1098 1474 1137 Afros

171 1154 607 1206 mercenariorumque
640 1153 832 1200 auxilia3
883 1155 1075 1206 equitum
1110 1154 1317 1193 Numidas
1350 1154 1473 1194 Poen-

171 1224 292 1250 orum
326 1211 557 1263 pedit-ibus,
598 1214 755 1250 eeteros
788 1211 900 1250 Afris
939 1224 1013 1263 pro
1051 1211 1243 1251 cornibus
1283 1213 1472 1264 apponit.

172 1270 211 1307 5.
242 1268 332 1307 Nec
367 1281 510 1308 omnes
545 1268 744 1308 Numidae
783 1269 828 1307 in
870 1268 1016 1307 dextro
1047 1267 1174 1308 locati
1216 1282 1358 1317 cornu,
1399 1269 1471 1308 scd

169 1325 336 1377 quibus,
359 1325 621 1365 desultorum
642 1327 687 1365 in
708 1326 895 1374 modum,
917 1325 1037 1365 binos
1058 1326 1324 1378 trahentibus
1345 1340 1471 1378 equos

170 1384 283 1422 inter
304 1384 551 1422 acerrimam
583 1397 690 1436 saepe
721 1396 907 1435 pugnam
938 1383 982 1421 in
1011 1386 1222 1422 recentem
1244 1396 1398 1435 equum
1421 1397 1471 1422 ex

169 1440 275 1479 fesso
316 1441 489 1479 armatis
531 1440 786 1479 transultare
822 1453 911 1479 mos
951 1443 1064 1479 erat:
1106 1443 1227 1479 tanta
1268 1440 1469 1479 velocitas

169 1498 271 1550 ipsis
291 1500 465 1550 tamque
486 1497 621 1537 docile
643 1511 845 1550 equorum
866 1510 996 1550 genus
1018 1500 1093 1536 est.
1157 1498 1195 1537 6.
1229 1497 1368 1544 Quum
1390 1498 1468 1536 hoc

169 1555 292 1594 modo
323 1555 522 1594 instructi
554 1559 726 1604 starent,
749 1555 1052 1607 imperatorum
1088 1555 1306 1607 utriusque
1338 1557 1470 1607 partis

169 1612 282 1651 haud
322 1612 454 1652 ferme
495 1613 680 1665 dispares
721 1626 813 1665 spes
854 1616 997 1651 erant:
1049 1625 1148 1651 nam
1188 1625 1239 1650 ne
1281 1613 1467 1651 multum

167 1669 341 1722 quidem
373 1673 447 1709 aut
480 1683 655 1709 numero
689 1673 765 1708 aut
804 1683 956 1722 genere
992 1669 1182 1708 militum
1215 1669 1260 1707 hi
1292 1673 1368 1708 aut
1401 1669 1468 1708 illi

167 1727 455 1779 praestabant3
515 1727 728 1766 militibus
778 1727 902 1779 longe
956 1727 1097 1779 dispar
1146 1727 1312 1765 animus
1363 1730 1466 1765 erat.

169 1784 207 1824 7.
239 1783 441 1824 Romanis
470 1785 598 1832 enim,
629 1797 883 1836 quamquam
917 1783 1061 1836 procul
1096 1797 1121 1823 a
1161 1784 1298 1836 patri-52
1328 1797 1466 1836 pugn-

166 1844 302 1890 arent‚'
320 1841 445 1880 facile
473 1847 764 1895 persuaserant
793 1841 917 1880 duces
944 1855 1018 1894 pro
1050 1841 1178 1880 Italia
1206 1845 1333 1893 atque
1364 1841 1466 1880 urbe

166 1898 356 1938 Romana
376 1912 444 1938 eos
472 1912 684 1952 pugnare;
716 1900 874 1950 itaque,
896 1898 1015 1938 velut
1044 1898 1198 1950 quibus
1229 1898 1389 1937 reditus
1421 1899 1465 1937 in

166 1956 348 2009 patriam
369 1970 418 1996 eo
439 1957 682 1996 discrimine
704 1969 857 2009 pugna:¹
878 1958 1126 2005 verteretur,
1149 1955 1466 1995 obstinaverant

164 2014 318 2053 animis
353 2014 520 2053 vincere
553 2017 627 2053 aut
657 2014 778 2053 mori.
841 2016 879 2052 8.
911 2013 1056 2052 Minus
1091 2013 1325 2066 pertinaces
1356 2013 1466 2052 viros

164 2070 347 2110 habebat
367 2071 501 2111 altera
522 2072 655 2110 acies:
689 2084 788 2110 nam
809 2071 994 2110 maxima
1014 2084 1108 2123 pars
1128 2070 1309 2122 Hispani
1331 2074 1463 2119 crant,

162 2129 237 2180 qui
260 2129 374 2168 vinci
405 2129 451 2168 in
482 2128 703 2181 Hispania,
725 2130 853 2181 quam
874 2129 1053 2167 victores
1074 2128 1119 2166 in
1140 2127 1312 2167 Italiam
1335 2127 1461 2176 trahi,

163 2185 390 2225 malebant.
453 2188 491 2226 9.
520 2186 664 2225 Primo
700 2186 834 2239 igitur
866 2199 1080 2234 concursu,
1112 2198 1243 2237 quum
1275 2185 1346 2224 vix
1376 2184 1464 2237 pila

163 2242 354 2295 conjecta
374 2247 526 2291 essent,
547 2243 699 2283 retulit
728 2243 879 2296 pedem
913 2243 1054 2282 media
1082 2243 1204 2291 acies,
1241 2242 1465 2282 inferenti-

162 2299 323 2352 busque
355 2313 397 2340 se
429 2313 583 2354 magno
611 2301 778 2354 impetu
808 2300 1008 2340 Romanis
1038 2301 1170 2340 vertit
1200 2302 1333 2352 terga.
1398 2301 1462 2339 10.

162 2356 311 2397 Nihilo
352 2359 521 2410 segnius
570 2359 616 2397 in
667 2358 863 2397 cornibus
913 2357 1112 2410 proelium
1162 2357 1259 2396 fuit.
1346 2357 1461 2396 Hinc

163 2413 328 2464 Poenm,
369 2414 470 2454 hinc
510 2415 611 2455 Afer
650 2418 787 2468 urget,
828 2418 872 2454 et
906 2415 1025 2454 velut
1063 2415 1110 2454 in
1156 2415 1463 2455 circumventos
