1663 2718
424 126 590 163 LIBER.
626 126 782 162 XXIII.
841 125 957 163 CAP.
991 126 1149 163 XVIII.
1389 126 1438 164 235

135 236 270 277 vineae
309 249 476 289 quoque
528 239 675 288 coeptae
717 236 802 288 agi,
844 235 1145 288 cuniculique3
1197 237 1235 275 9.
1267 249 1345 275 nec
1386 235 1438 275 ad

135 295 271 334 varios
305 296 478 333 conatos
514 293 699 332 hostium
731 297 806 332 aut
846 294 908 331 vis
941 293 1030 332 ulla
1060 297 1135 332 aut
1175 307 1240 332 ars
1282 292 1438 332 deerat.

137 352 250 392 Socii
272 351 558 390 Romanorum
579 350 896 403 propugnacula
918 350 1112 389 adversus
1138 351 1278 390 vineas
1306 353 1441 390 statu-

136 422 221 458 ere,
253 408 498 448 transversis
535 407 742 446 cuniculis
774 407 961 446 hostium
990 407 1206 446 cuniculos
1234 407 1440 460 excipere,

137 469 183 506 et
202 465 343 519 palam
364 467 408 504 et
428 464 537 504 clam
555 465 704 516 coeptis
725 464 894 503 obviam
916 465 990 513 ire,
1005 464 1137 503 donec
1153 464 1287 516 pudor
1308 465 1440 504 etiam

136 521 425 563 Hannibalem
445 521 499 561 ab
520 522 690 574 incepto
712 522 868 561 avertit
886 535 896 569 3
919 522 1147 573 castrisque
1168 521 1441 561 communitis

137 594 186 620 ac
207 579 400 633 praesidio
420 579 586 618 modico
617 579 830 631 imposito,
853 592 905 618 ne
937 579 1090 618 omissa
1108 592 1181 627 ,res
1212 578 1441 626 videretur,

138 638 184 677 in
205 637 382 677 hiberna
402 637 618 676 concessit.

200 697 266 735 10.
298 693 366 733 Ibi
388 697 555 747 partem
575 693 779 746 majorem
800 693 954 732 hiemis
975 694 1208 733 exereitum
1239 693 1286 733 in
1317 694 1443 733 tectis

139 751 304 800 habuit,
337 751 532 791 adversus
573 751 716 790 omnia
756 751 941 790 humana
982 750 1092 789 mala
1131 764 1240 803 saepe
1281 764 1328 790 ac
1368 751 1443 790 diu

138 809 354 857 duratum,
375 809 496 848 bonis
516 808 786 861 inexpertum
807 812 935 860 atque
957 808 1186 847 insuetum.
1264 810 1328 847 11.
1356 808 1444 847 Ita-

138 880 222 919 que
252 879 357 918 quos
377 865 497 904 nulla
527 865 630 904 mali
652 866 812 904 vicerat
833 866 908 912 vis,
930 865 1148 918 perdidere
1170 866 1304 904 nimia
1334 865 1444 905 bona

139 937 188 963 ac
210 923 450 975 voluptates
470 923 723 969 immodicae,
745 926 789 961 et
820 936 868 962 eo
900 923 1145 975 impensius,
1167 936 1249 974 quo
1279 922 1444 962 avidius

139 995 192 1020 ex
211 980 439 1020 insolentia
468 980 513 1018 in
534 993 602 1018 eas
633 993 675 1018 se
711 982 954 1019 merserant.
1020 982 1084 1018 12.
1118 980 1297 1019 Somnus
1329 981 1443 1019 enim

139 1041 185 1078 et
219 1038 368 1078 vinum
408 1039 453 1076 et
492 1035 627 1089 epulae
668 1039 712 1076 et
751 1040 886 1076 scorta
925 1036 1176 1089 balineaque
1209 1041 1253 1076 et
1293 1037 1444 1085 otium,

139 1095 444 1136 consuetudine
464 1094 509 1133 in
530 1094 620 1133 dies
640 1093 850 1141 blandius,
867 1095 929 1133 ita
950 1097 1254 1133 enervaverunt
1275 1108 1446 1148 corpora

139 1154 402 1204 animosque,
433 1154 484 1191 ut
518 1152 654 1204 magis
690 1152 841 1191 deinde
875 1152 1100 1204 praeteritae
1140 1151 1327 1192 victoriae
1362 1166 1444 1200 eos,

141 1212 268 1263 quam
308 1212 535 1262 praesentes
570 1212 812 1248 tutarentur
852 1210 985 1256 vires3
1041 1211 1105 1248 13.
1138 1209 1358 1262 majusque
1399 1209 1444 1248 id

141 1270 365 1321 peccatum
385 1267 504 1306 ducis
531 1266 645 1318 apud
675 1267 831 1319 peritos
851 1267 1010 1305 artium
1032 1266 1287 1305 militarium
1318 1267 1446 1306 habe-

141 1329 272 1373 retur,
308 1326 437 1377 quam
468 1323 581 1376 quod
614 1337 697 1363 non
726 1337 774 1363 ex
809 1323 1015 1364 Cannensi
1051 1325 1140 1362 acie
1172 1325 1362 1376 protinus
1393 1324 1446 1363 ad

142 1382 291 1422 urbem
330 1382 564 1421 Romanam
603 1381 813 1420 duxisset:
855 1380 932 1419 illa
971 1381 1085 1419 enim
1111 1381 1326 1420 cunctatio
1363 1382 1447 1420 ‹lis-

141 1439 291 1480 tulisse
323 1439 448 1478 modo
479 1439 702 1478 victoriam
739 1438 870 1477 videri
905 1439 1061 1490 potuit,
1089 1438 1159 1477 hic
1191 1452 1303 1478 error
1338 1439 1445 1477 vires

142 1497 346 1537 ademisse
367 1496 422 1536 ad
450 1496 717 1535 vincendum.
784 1498 848 1535 14.
880 1495 1030 1547 Itaque
1058 1495 1242 1544 hercule,
1262 1495 1380 1535 velut
1411 1496 1446 1535 si

143 1568 240 1594 cum
260 1553 345 1594 alio
366 1553 592 1593 exercitua
613 1552 753 1605 Capua
769 1553 916 1601 exiret,
932 1552 1043 1592 nihil
1064 1566 1241 1605 usquam
1257 1554 1446 1606 pristinae

143 1611 378 1665 disciplinae
418 1611 573 1650 tenuit.
652 1612 717 1649 15.
760 1610 870 1649 Nam
912 1613 956 1650 et
995 1610 1214 1650 redierunt
1253 1609 1445 1663 plerique

142 1670 289 1709 scortis
320 1668 548 1721 impliciti3
581 1670 639 1716 et,
660 1667 733 1707 ubi
766 1669 950 1720 primum
981 1667 1058 1706 sub
1089 1667 1269 1720 pellibus
1300 1668 1445 1708 haberi

142 1727 272 1779 coepti
307 1730 420 1774 sunt,
451 1726 601 1777 viaque
641 1728 686 1764 et
725 1725 833 1764 alius
868 1724 1066 1764 militaris
1107 1724 1224 1764 labor
1265 1726 1446 1778 excepit,

142 1785 332 1823 tironum
353 1783 476 1822 modo
499 1782 740 1835 corporibus
753 1783 989 1834 animisque
1003 1781 1280 1831 deficiebant3
1317 1783 1381 1822 16.
1403 1786 1449 1822 et

143 1841 296 1881 deinde
327 1853 400 1893 per
431 1853 554 1879 omne
586 1840 823 1879 aestivorum
855 1842 1022 1892 tempus
1054 1852 1207 1892 magna
1234 1853 1328 1892 pars
1359 1840 1449 1881 sin(²

142 1897 446 1937 commeatibus
462 1897 514 1936 ab
528 1897 659 1949 signis
675 1896 984 1945 dilabebantur,
998 1909 1134 1949 neque
1152 1896 1247 1936 aliae
1261 1896 1448 1949 latebra),

142 1956 271 2007 quam
293 1953 448 2006 Capua,
469 1954 752 1994 desertoribus
773 1968 836 1994 era
845 1957 892 1993 ut
