1663 2718
175 171 224 210 14
466 171 579 207 TITI
617 170 758 207 LIVII
793 168 1189 207 HISTORIARUM

173 281 384 330 antistite,
418 281 528 320 sicut
561 283 782 320 coronatus
817 279 959 319 laurea
994 283 1146 318 corona
1177 281 1222 317 et
1262 276 1481 317 oraculum

149 334 151 336 ¹
173 339 334 378 adisset
353 341 398 377 et
423 352 513 377 rem
535 338 727 377 divinam
751 338 933 385 fecisset,
955 337 1018 375 ita
1048 339 1297 375 coronatum
1326 348 1480 374 navem

172 395 396 435 ascendere
425 408 502 434 nec
532 398 631 434 ante
662 395 868 447 deponere
899 407 1004 441 eam,
1025 395 1154 445 quam
1174 393 1354 432 Romam
1388 405 1482 444 per-

176 453 388 492 venisset:
454 453 492 492 6.
535 466 590 500 se,
645 465 919 504 quaecumque
974 452 1184 503 imperata
1235 450 1332 498 sint,
1384 462 1482 488 cum

175 514 343 550 summa
375 509 582 561 religione
617 523 666 548 ac
706 509 932 560 diligentia
971 511 1252 560 exsequutum
1285 520 1482 546 coronam

175 568 322 607 Romae
342 568 389 606 in
409 580 524 606 aram
546 567 752 619 Apollinis
773 567 1023 618 deposuisse.
1085 565 1263 605 Senatus
1279 565 1482 613 decrevit,

176 627 228 664 ut
276 637 335 664 eae
374 638 439 663 res
481 625 637 663 divinae
682 623 1095 675 supplicationesque
1136 623 1274 675 primo
1313 634 1482 674 quoque

175 685 366 734 ‘tempore
387 695 482 721 cum
497 685 595 720 cura
616 681 777 720 fierent.

237 739 276 778 7.
308 739 423 777 Dum
453 739 543 777 haec
573 738 718 776 Romae
746 741 873 789 atque
899 738 945 776 in
967 737 1095 776 Italia
1116 739 1334 790 geruntur,
1355 739 1485 775 nunt-

175 796 244 834 ius
279 796 470 834 victoriae
505 795 559 834 ad
595 795 756 834 Cannas
798 795 1099 846 Carthaginem
1140 797 1314 833 venerat
1354 793 1483 846 Mago

176 852 434 892 Hamilcaris
460 851 587 898 filius,
609 865 693 891 non
723 865 773 890 ex
794 852 884 904 ipsa
913 852 1002 891 acie
1023 865 1048 890 a
1068 852 1196 891 fratre
1226 852 1391 900 missus,
1413 851 1486 890 sed

176 912 367 949 retentus
388 910 553 962 aliquot
574 910 663 949 dies
684 910 728 947 in
751 909 1004 962 recipiendis
1026 909 1271 948 civitatibus
1293 908 1487 948 Bruttio-

176 981 286 1015 rum,
321 980 498 1020 quaeque
543 966 807 1006 deficiebant.
881 969 919 1005 8.
962 967 1018 1014 Is,
1059 980 1190 1019 quum
1233 967 1271 1006 ei
1317 970 1486 1005 senatus

173 1025 300 1064 datus
321 1028 442 1073 esset,
464 1038 528 1064 res
559 1027 695 1077 gestas
726 1025 772 1062 in
797 1023 926 1063 Italia
946 1038 970 1063 a
991 1024 1121 1063 fratre
1153 1024 1353 1076 exponit:
1388 1036 1486 1062 cum

174 1095 247 1121 sex
267 1081 591 1134 imperatoribus
613 1095 711 1120 eum
732 1081 934 1135 (quorum
955 1085 1157 1133 quattuor
1178 1081 1380 1129 consules,
1403 1081 1485 1120 duo

174 1139 361 1179 dictator
381 1153 429 1178 ac
450 1140 653 1191 magister
675 1139 870 1191 equitum
891 1138 1071 1192 fuerint)
1093 1152 1190 1177 cum
1221 1152 1292 1178 sex
1322 1137 1487 1178 consui-

177 1197 322 1236 aribus
345 1197 598 1235 exercitibus
619 1197 707 1235 acie
730 1195 964 1235 conflixisse
983 1210 993 1243 3
1025 1196 1223 1235 occidisse
1254 1209 1378 1248 supra
1410 1196 1488 1234 du-

174 1257 300 1293 centa
317 1253 455 1292 millia
471 1254 672 1301 hostium,
690 1267 814 1305 supra
827 1254 1139 1306 quinquaginta
1160 1254 1330 1306 cepisse.
1361 1254 1399 1292 9.
1422 1253 1487 1292 Ex

173 1314 380 1362 quattuor
402 1310 644 1350 consulibus
661 1311 765 1350 duos
787 1311 1010 1358 occidisse3
1042 1324 1093 1350 ex
1115 1311 1276 1350 duobus
1298 1310 1487 1350 saucium

172 1368 373 1417 alterum,
395 1368 579 1407 alterum
614 1371 705 1407 toto
741 1369 892 1407 amisso
930 1369 1118 1407 exercitu
1140 1369 1212 1407 vix
1238 1381 1336 1407 cum
1363 1368 1488 1420 quin·

171 1426 381 1479 quaginta
395 1425 638 1464 hominibus
652 1425 861 1477 effugisse.
916 1428 982 1464 10.
1004 1425 1261 1478 Magistrum
1277 1426 1486 1477 equitum,

172 1496 270 1536 quae
291 1483 519 1523 consularis
534 1486 719 1535 potestas
733 1483 804 1530 sit,
821 1483 962 1522 fusum
980 1483 1196 1536 fugatum3
1219 1483 1486 1530 dictatorem,

171 1542 277 1593 quia
297 1554 339 1580 se
370 1541 416 1579 in
437 1541 569 1579 aciem
595 1554 812 1592 nunquam
843 1541 1114 1589 commiserit,
1134 1541 1311 1580 unicum
1340 1540 1486 1579 haberi

171 1599 488 1651 imperatorem.
569 1600 634 1637 11.
667 1598 859 1637 Bruttios
890 1598 1147 1651 Apulosque,
1179 1599 1337 1651 partim
1369 1597 1489 1637 Sam-

170 1656 334 1696 nitium
367 1670 415 1695 ac
451 1656 721 1695 Lucanorum
743 1655 941 1695 defecisse
963 1655 1016 1695 ad
1044 1655 1208 1695 Poenos.
1285 1655 1486 1707 Capuam,

171 1714 288 1766 quod
324 1716 453 1766 caput
485 1726 570 1752 non
608 1712 849 1766 Campaniae
883 1713 1022 1761 modo,
1045 1714 1115 1753 sed
1146 1716 1241 1766 post
1271 1712 1487 1752 adflictam

173 1784 265 1810 rem
286 1771 523 1811 Romanam
545 1770 753 1811 Cannensi
776 1775 919 1823 pugna
941 1770 1080 1810 Italiae
1103 1771 1173 1819 sit,
1188 1769 1422 1810 Hannibali
1444 1783 1485 1809 sc

172 1828 411 1868 tradidisse.
476 1830 542 1867 12.
575 1828 656 1867 Pro
689 1828 754 1867 his
785 1829 916 1868 tantis
947 1831 1097 1881 totque
1129 1829 1319 1868 victoriis
1339 1840 1485 1867 verum

173 1899 259 1926 csse
280 1889 419 1939 grates
442 1885 531 1925 deis
552 1885 868 1926 immortalibus
889 1886 959 1939 agi
981 1886 1222 1939 haberique.

639 2029 904 2070 CHAPTER
935 2029 1038 2069 XII.

171 2116 270 2157 Mago
287 2114 398 2147 orders
422 2114 492 2146 that
514 2114 570 2146 the.
582 2113 657 2155 gold
676 2114 777 2155 Rings
801 2114 898 2145 taken
929 2114 1011 2145 from
1038 2114 1093 2145 the
1120 2113 1246 2145 Roman
1272 2112 1418 2155 Knights
1441 2123 1482 2145 on

214 2159 271 2191 the
293 2158 388 2190 Field
411 2159 448 2189 of
469 2158 588 2189 Cannae
609 2158 727 2188 should
745 2158 782 2188 bo
799 2157 910 2198 placed
927 2157 959 2188 in
976 2168 995 2188 a
1013 2157 1106 2198 Heap
1122 2157 1154 2188 in
1171 2157 1226 2188 the
1249 2157 1354 2188 Porch
1371 2157 1407 2188 of
1427 2156 1483 2188 the

213 2201 447 2234 Sonam-house
473 2207 509 2232 at
537 2201 706 2241 Carthago.
753 2201 918 2232 Domands
935 2201 1213 2232 Reinforccmeuts
1241 2199 1305 2231 and
1329 2200 1482 2242 Supplies

212 2246 265 2277 for
280 2245 459 2276 Hannibal.
508 2244 652 2276 Himilco
668 2248 780 2275 taunts
797 2244 924 2282 Hanno,
939 2255 957 2275 a
971 2244 1116 2285 political
1133 2243 1315 2286 Opponent.
1361 2243 1482 2274 Hanno

213 2288 342 2330 replies,
360 2288 424 2319 and
451 2293 528 2326 puts
556 2298 643 2319 sorno
666 2287 849 2323 Qucsti011S.
866 2292 899 2318 to
916 2287 1022 2319 which
1045 2287 1085 2319 ho
1110 2287 1187 2319 usks
1213 2287 1265 2319 for
1287 2297 1329 2318 an
1346 2287 1482 2318 Answer

211 2332 297 2364 from
313 2331 416 2363 either
428 2330 572 2364 Himilco
585 2342 621 2362 or
636 2331 851 2372 Maga—nc.
869 2333 942 2363 216.

231 2409 269 2447 1.
301 2407 365 2447 Ar>
402 2406 529 2446 fidem
563 2406 716 2445 deinde
752 2409 839 2445 tam
872 2405 1065 2446 laetarum
1088 2420 1228 2447 rerum
1249 2405 1409 2447 effundi
1432 2406 1477 2445 iu

167 2464 377 2507 vestibulo
400 2465 527 2505 curiae
542 2464 672 2518 jussit
689 2463 835 2504 anulos
857 2477 1026 2504 aurcos:
1058 2465 1132 2519 qui
1148 2467 1291 2505 tantus
1306 2476 1478 2504 acervus
