1663 2718
466 139 634 178 LIBER
668 140 827 178 XXIII.
885 139 1001 177 CAP.
1030 139 1227 176 XXXVI.
1455 139 1502 177 51

601 265 866 307 CHAPTER
897 265 1100 305 XXXVI.

197 343 404 385 Sempronius
420 344 596 383 Gracchus,
612 344 692 376 with
708 344 763 376 the
779 343 860 376 Loss
875 345 912 376 of
924 344 986 376 less
1010 344 1088 375 than
1105 354 1164 376 one
1186 342 1334 374 hundred
1351 342 1504 381 Soldiers,

239 388 355 419 retires
376 388 410 419 in
433 388 538 419 Haste
560 394 594 419 to
617 387 736 424 Cumae,
759 387 899 427 through
922 387 1168 428 Apprehension
1192 387 1228 418 of
1241 386 1417 424 Hannibal,
1435 387 1504 418 who

239 440 306 462 was
336 430 509 472 encamped
525 435 561 461 at
576 430 696 461 Tifata.
742 430 910 461 Hannibal
926 431 1036 461 makes
1052 440 1071 460 a
1085 429 1180 471 rapid
1198 430 1312 460 March
1329 436 1362 460 to
1379 429 1502 467 Ilumae,

239 473 408 514 expecting
417 478 450 504 to
460 473 527 504 find
537 473 592 504 the
602 473 728 504 Roman
739 473 856 504 Forces
868 472 1019 513 occupied
1030 473 1215 512 insecuring
1223 472 1376 506 Plunder.
1401 473 1502 503 Finds

239 516 317 557 only
331 516 450 547 Traces
465 516 502 548 of
519 516 575 547 the
591 520 699 547 recent
714 516 894 557 Slaughter.
941 516 1083 547 Rcturns
1101 520 1133 546 to
1149 515 1268 546 Tifata.
1314 514 1504 555 Adrancing

238 563 316 590 next
338 559 411 599 Day
427 563 461 590 to
484 559 538 590 the
561 559 653 600 Siege
677 559 713 590 of
734 559 851 595 Cumae,
876 558 1000 600 pitches
1026 558 1078 590 his
1097 558 1200 599 Camp
1215 569 1234 589 a
1252 559 1332 589 Mile
1349 557 1430 588 from
1448 558 1501 588 the

240 601 325 642 City.
370 601 492 633 Fabius
509 601 602 633 dares
626 605 683 633 not
706 612 793 634 cross
814 602 869 633 the
892 602 1071 633 Volturnus
1098 605 1132 633 to
1148 601 1203 632 the
1219 601 1284 632 Aid
1300 602 1336 632 of
1358 601 1409 631 his
1429 601 1502 632 Col-

238 644 352 685 league
370 645 585 687 Sempronius,
599 645 653 676 the
669 645 825 686 Auspices
847 644 911 676 and
939 655 1026 676 some
1041 644 1210 685 Prodigies
1234 644 1429 684 demandiug
1450 644 1501 675 his

237 687 525 719 Attention.-n.c.
543 690 616 720 215.

255 759 292 796 1.
325 757 562 807 GnAccntts,
582 758 723 798 minus
748 761 919 798 centum
949 757 1139 797 militum
1163 757 1330 810 jactura
1355 760 1499 798 castris

193 814 381 854 hostium
402 816 577 868 potitus,
599 815 750 856 Cumas
771 829 813 854 se
843 829 1017 868 propere
1038 816 1210 867 recepit,
1247 815 1299 854 ab
1335 816 1495 855 Hanni-

173 871 288 911 ·bale
323 876 528 922 metuens,
564 873 638 925 qui
671 886 792 925 super
833 873 1017 925 Capuam
1052 873 1097 911 in
1133 873 1286 911 Tifatis
1316 873 1499 915 habebat

194 932 340 968 castra.
399 929 441 968 N
443 943 489 968 ec
510 943 605 969 eum
617 930 794 982 provida
814 930 946 968 futuri
967 929 1123 968 fefellit
1143 931 1311 982 opinio:
1340 933 1377 968 2.
1400 944 1498 969 nam

194 985 321 1025 simul
337 985 523 1038 Capuam
539 999 587 1026 ea
608 987 745 1026 clades
761 990 825 1026 est
845 987 1058 1034 nuntiata,
1073 989 1187 1025 ratus
1208 987 1423 1026 Hannibal
1445 987 1497 1026 ab

192 1056 237 1082 re
251 1043 358 1083 bene
371 1047 488 1094 gesta
502 1043 731 1083 insolenter
744 1043 888 1083 laetum
903 1044 1133 1083 exercitum
1147 1045 1333 1083 tironum
1346 1049 1500 1096 magna]

193 1113 243 1140 ex
263 1103 383 1153 parte
405 1114 714 1154 servorumque,
737 1100 989 1154 spoliantem
1010 1101 1142 1140 victos
1163 1101 1404 1154 przedasque
1425 1115 1498 1154 ag-

193 1161 349 1207 entem,
365 1158 418 1198 ad
439 1158 598 1198 Hamas
611 1172 653 1198 se
675 1160 962 1207 inventurum,
977 1159 1156 1197 citatum
1173 1171 1325 1211 agmen
1346 1163 1498 1211 praeter

193 1213 379 1268 Capuam
396 1217 521 1268 rapit,
545 1218 583 1255 3.
615 1216 840 1268 obviosque
857 1229 909 1255 ex
928 1216 1029 1267 fuga
1054 1215 1375 1268 Campanorum,
1398 1217 1496 1255 dato

192 1272 402 1325 praesidio,
424 1272 608 1326 Capuam
629 1273 741 1322 duci,
764 1274 923 1312 saucios
953 1272 1158 1312 vehiculis
1179 1274 1337 1325 portari
1357 1273 1495 1326 jubet.

193 1332 234 1369 4.
266 1329 364 1382 Ipse
383 1330 532 1370 Hamis
553 1344 683 1370 vacua
709 1331 762 1370 ab
784 1330 972 1369 hostibus
1004 1333 1150 1379 castra,
1172 1343 1248 1369 nec
1270 1331 1497 1383 quicquam

191 1390 345 1439 praeter
364 1388 545 1426 recentis
565 1389 746 1440 vestigia
767 1388 890 1427 caedis
918 1390 1131 1440 strataque
1151 1389 1305 1440 passim
1327 1401 1498 1440 corpora

192 1445 398 1484 sociorum
418 1445 597 1484 invenit.
631 1447 669 1484 5.
692 1445 893 1484 Auctores
908 1448 1027 1484 crant
1043 1445 1228 1497 quidam,
1242 1447 1290 1483 ut
1304 1446 1497 1498 protinus

192 1502 291 1542 inde
333 1501 484 1542 Cumas
529 1502 702 1542 duceret
743 1502 973 1554 urbemque
1024 1505 1299 1554 oppugnaret.
1363 1503 1400 1542 6.
1445 1503 1495 1541 Id

191 1572 445 1612 quamquam
476 1560 589 1599 haud
621 1560 785 1599 modice
815 1559 1031 1599 Hannibal
1062 1559 1271 1611 cupiebat,
1303 1562 1366 1606 ut,
1397 1561 1497 1611 quia

190 1615 416 1669 Neapolim
459 1630 544 1656 non
589 1620 798 1670 potuerat,
850 1616 1000 1657 Cumas
1050 1616 1200 1656 saltem
1235 1618 1495 1656 maritimam

190 1674 338 1713 urbem
367 1674 556 1723 haberet,
587 1678 745 1723 tamen,
776 1675 875 1727 quia
905 1677 1057 1726 praeter
1087 1687 1201 1713 arma
1222 1674 1333 1713 nihil
1354 1688 1496 1714 secum

189 1731 313 1771 miles
344 1733 502 1784 raptim
547 1735 641 1772 acto
686 1733 856 1785 agmine
888 1731 1112 1779 extulerat,
1144 1734 1254 1770 retro
1286 1732 1330 1770 in
1362 1736 1496 1771 castra.

190 1802 314 1841 super
329 1789 470 1828 Tifata
487 1803 528 1829 se
544 1790 716 1841 recepit.
778 1791 816 1829 7.
841 1789 944 1828 Inde
966 1789 1170 1841 fatigatus
1189 1787 1496 1841 Campanorum

188 1846 380 1899 precibus
401 1848 593 1899 sequenti
615 1847 683 1886 die
705 1860 800 1886 cum
826 1847 940 1886 omni
971 1849 1173 1899 apparatu
1203 1847 1496 1899 oppugnanda}

189 1904 306 1942 urbis
327 1903 478 1943 Cumas
498 1904 623 1953 redit,
644 1903 1002 1957 perpopulatoque
1029 1917 1129 1956 agro
1162 1903 1346 1944 Cumano
1377 1903 1497 1943 mille

190 1963 332 2014 passus
354 1961 406 2000 ab
427 1961 529 2001 urbe
561 1965 695 2001 castra
716 1961 852 2009 locat3
886 1963 924 2001 8.
956 1974 1087 2013 quum
1119 1960 1333 2001 Gracchus
1361 1963 1496 2013 magis

189 2019 441 2058 verecundia
472 2020 518 2058 in
548 2019 626 2058 tali
657 2020 905 2059 necessitate
927 2018 1143 2058 deserendi
1164 2019 1295 2058 socios
1323 2018 1498 2071 implor-

188 2079 308 2116 antes
329 2075 455 2115 fidem
477 2089 593 2116 suam
614 2076 843 2130 populique
874 2075 1055 2115 Romani
1076 2075 1347 2124 substitisset,
1369 2077 1496 2128 quam

189 2134 291 2173 satis
312 2133 444 2174 fidens
465 2135 685 2174 exercitui.
749 2136 787 2174 9.
819 2133 908 2173 Nec
929 2132 1036 2173 alter
1057 2133 1201 2173 consul
1223 2133 1393 2181 Fabius,
1422 2134 1496 2185 qui

187 2191 241 2231 ad
277 2190 396 2231 Cales
428 2194 564 2231 castra
590 2192 786 2240 habebat,
807 2191 1062 2230 Volturnum
1092 2190 1249 2230 flinncn
1280 2190 1497 2229 traducere

187 2248 371 2288 audebat
401 2251 646 2298 exercitum,
682 2252 747 2289 10.
779 2252 1004 2301 occupatus
1034 2248 1170 2301 primo
1202 2249 1399 2300 auspiciis
1432 2261 1497 2287 re-

186 2306 395 2358 petendis,
416 2307 514 2346 dein
536 2307 755 2360 prodigiis,
777 2320 870 2359 quae
895 2305 979 2344 alia
999 2319 1122 2358 super
1141 2305 1227 2345 alia
1244 2304 1498 2344 nuntiaban-

186 2366 282 2410 tur-3
333 2365 606 2417 expiantique
658 2378 706 2404 ea
755 2364 869 2403 haud
919 2362 1045 2403 facile
1095 2362 1213 2403 litari
1254 2362 1496 2415 haruspices

184 2421 503 2474 respondebant.

809 2496 831 2518 n
853 2489 872 2517 2
