1663 2718
139 135 190 176 12
426 134 538 171 ΤΙΤΙ
574 133 715 171 LIVII
750 131 1015 170 HISTORIA
1023 131 1146 170 RUM

616 293 881 334 CHAPTER
921 294 976 333 X.

139 388 308 421 Hannibal
332 387 501 419 addresscs
528 387 583 419 the
607 388 725 419 Senate
748 389 785 419 of
805 388 923 430 Capua.
968 387 1133 420 Demands
1154 388 1219 419 and
1241 389 1371 420 obtains
1393 389 1448 421 the

182 431 358 462 Sul-render
373 431 410 462 of
427 431 545 462 Decius
561 431 700 472 Magius.
734 431 904 462 Summons
920 431 1045 463 Decius.
1080 431 1182 462 Sends
1198 431 1265 462 him
1277 431 1311 463 in
1325 432 1448 464 Chains

182 479 216 505 to
231 473 287 505 the
305 474 538 514 Carthaginian
555 474 667 515 Camp.
712 475 829 505 Decius
852 479 912 515 put.
933 485 974 506 on
995 474 1095 506 board
1110 485 1130 506 a
1151 474 1231 516 Ship
1254 480 1287 506 to
1311 475 1352 506 be
1374 485 1449 507 con-

182 516 284 558 veyed
306 522 339 547 to
362 517 534 557 Carth-age.
579 517 659 558 Ship
684 516 797 547 driven
814 518 859 558 by
881 518 985 548 Stress
1011 518 1048 548 of
1071 517 1225 548 Weather
1248 524 1282 549 to
1303 517 1446 558 Cyrcnae.

182 559 300 591 Decius
311 560 403 591 takes
415 560 525 600 refuge
540 565 574 590 at
590 560 644 591 the
660 560 773 590 Statue
789 560 825 590 of
844 560 934 600 King
949 560 1108 601 Ptolemy.
1154 561 1233 591 Sent
1247 565 1282 591 to
1296 561 1449 602 Ptolemy

183 608 217 635 at
232 602 441 634 Alexandria.
487 605 542 634 Set
556 608 591 634 at
606 603 752 644 Liberty.
797 603 951 634 Remains
967 603 999 634 in
1015 603 1240 644 Egypt—ize.
1258 606 1330 635 216.

203 691 239 727 1.
270 688 460 728 POSTERO
497 687 566 727 die
603 691 770 727 senatus
806 688 999 740 frequens
1040 688 1164 727 (latus
1198 688 1447 728 Hannibali.

142 745 228 785 Ubi
249 745 388 797 prima
417 744 506 796 ejus
531 746 664 783 oratio
694 744 923 796 perblanda
953 758 1000 783 ac
1031 744 1217 797 benigna
1245 745 1344 794 fuit,
1365 749 1450 798 quii

141 803 298 855 gratias
319 802 410 854 egit
441 801 677 854 Campanis,
699 802 811 853 quod
841 802 1077 841 amicitiam
1099 815 1218 841 suam
1249 802 1450 842 Romanae

142 859 334 899 societati
373 859 708 911 praeposuissent,
761 861 798 897 2.
830 862 874 898 et
906 860 1018 897 inter
1051 862 1190 898 cetera
1224 859 1447 912 magnifica

142 916 346 970 promissa
357 915 574 968 pollicitus
592 919 655 954 est
675 916 791 955 brevi
814 919 941 968 caput
962 916 1101 956 Italiac
1123 917 1239 955 omni
1262 916 1447 969 Capuam

142 975 245 1021 fore,
290 973 471 1026 juraque
513 973 612 1012 inde
659 987 756 1012 cum
801 974 949 1012 ceteris
989 973 1155 1026 populis
1207 974 1448 1013 Romanum

142 1032 273 1070 etiam
313 1032 574 1083 petiturum3
627 1033 664 1070 3.
708 1043 842 1069 unum
881 1044 966 1070 esse
1017 1035 1226 1071 exsortem
1275 1031 1449 1071 Punicae

143 1089 345 1128 amicitiae
390 1088 638 1140 foederisque
682 1101 822 1127 secum
864 1088 981 1137 facti,
1012 1101 1139 1140 quem
1178 1102 1315 1140 neque
1361 1102 1448 1128 esse

145 1145 407 1198 Campanum
427 1158 562 1197 neque
584 1145 670 1184 dici
698 1145 864 1193 debere,
886 1145 1080 1197 Magium
1109 1146 1318 1193 Decium3
1349 1159 1448 1185 eum

144 1203 372 1256 postulare,
387 1205 436 1241 ut
457 1203 538 1241 sibi
552 1202 745 1250 dedatur,
762 1215 809 1240 ac
826 1215 868 1241 se
883 1206 1088 1254 praesente
1110 1203 1161 1241 de
1182 1216 1230 1242 eo
1244 1203 1449 1242 referatur

144 1262 395 1312 senatsisque
412 1259 651 1299 consultum
664 1259 752 1298 fiat.
784 1262 824 1298 4.
848 1258 1001 1299 Omnes
1016 1260 1062 1298 in
1079 1273 1172 1298 eam
1194 1261 1450 1299 sententiam

144 1319 300 1365 ierunt,
333 1330 590 1370 quamquam
631 1330 794 1369 magnae
830 1317 940 1369 parti
982 1320 1025 1356 et
1065 1318 1130 1355 vir
1171 1317 1372 1369 indignus
1402 1322 1449 1357 esi

145 1374 402 1422 calamitate,
431 1378 475 1413 et
503 1375 615 1413 haud
647 1388 773 1427 parvo
804 1375 931 1413 initio
962 1375 1101 1413 minui
1132 1375 1354 1414 videbatur
1378 1374 1449 1427 jus

144 1433 367 1472 libertatis.
443 1432 643 1484 Egressus
679 1432 794 1470 curia
833 1432 879 1470 in
918 1431 1080 1483 templo
1119 1432 1449 1483 magistratuum

145 1489 347 1537 consedit,
392 1491 430 1529 5.
462 1489 843 1541 comprehendique
878 1489 1058 1528 Decium
1090 1489 1286 1541 Magium
1321 1493 1449 1541 atque

144 1551 244 1587 ante
279 1547 403 1600 pedes
436 1547 692 1586 destitutum
729 1559 896 1585 causam
931 1546 1069 1585 dicere
1090 1546 1231 1598 jussit.
1294 1546 1332 1586 6.
1366 1547 1447 1594 Qui

145 1619 290 1658 quum,
312 1607 509 1644 manente
540 1604 695 1643 ferocia
716 1604 862 1652 animi,
883 1607 1060 1656 negaret
1089 1603 1183 1656 lege
1205 1603 1373 1643 foederis
1404 1604 1449 1643 id

146 1664 240 1715 cogi
261 1675 391 1715 posse,
413 1665 507 1700 trun
538 1661 706 1713 injectae
733 1666 904 1708 catenae,
925 1661 1106 1713 ducique
1127 1664 1225 1700 ante
1257 1660 1448 1701 lictorem

146 1723 190 1759 in
212 1724 345 1759 castra
366 1722 430 1758 est
444 1719 598 1771 jussus.
647 1720 684 1758 7.
708 1718 852 1765 Quoad
874 1719 1012 1771 capite
1034 1722 1178 1771 aperto
1199 1722 1261 1758 est
1282 1718 1445 1767 (luctus¹

147 1777 514 1816 concionabundus
536 1776 707 1815 incessit
727 1775 780 1814 ad
798 1776 1094 1814 circumfusam
1111 1776 1298 1828 undique
1320 1775 1449 1815 mult-

147 1835 358 1874 itudinem
386 1834 643 1873 vociferans:
692 1837 717 1856 ‘²
734 1833 913 1872 Habetis
944 1832 1201 1881 libertatem,
1231 1832 1434 1886 Campani

145 1905 273 1944 quam
294 1892 485 1944 petistis:
518 1891 606 1929 foro
628 1891 780 1934 medio,
802 1890 894 1930 luce
916 1889 1039 1939 clar-51,
1061 1890 1303 1930 videntibus
1318 1890 1450 1940 vobis,

146 1949 254 1988 nulli
277 1949 586 2001 Campanorum
608 1948 813 1987 secundus
834 1949 1001 1987 vinctus
1023 1947 1076 1986 ad
1097 1951 1276 1987 mortem
1297 1949 1448 2000 rapior.

148 2007 257 2054 Quid
294 2006 524 2046 violentius
560 2010 682 2057 capti
719 2005 859 2058 Capua
895 2005 1049 2044 ficret?
1111 2007 1149 2044 8.
1182 2005 1249 2044 Ite
1281 2005 1449 2044 obviam

147 2063 394 2112 Hannibali,
435 2067 632 2103 exornate
674 2063 821 2102 urbem
872 2062 1070 2114 diemque
1114 2062 1320 2102 adventfis
1361 2062 1450 2115 ejus

147 2126 396 2170 consecrate,
412 2125 460 2160 ut
475 2121 588 2160 hunc
606 2120 871 2172 triumphum
889 2120 940 2159 de
958 2121 1047 2159 cive
1061 2124 1199 2159 vestro
1214 2121 1449 2173 spectetis?

149 2182 186 2219 9.
221 2180 323 2219 Haec
364 2179 619 2218 vociferante
660 2191 792 2230 quum
830 2178 988 2216 moveri
1031 2177 1179 2229 volgus
1221 2178 1448 2225 videretur,

147 2237 396 2276 obvolutum
419 2241 543 2288 capnt
562 2240 637 2282 cst,
652 2236 847 2288 ociusque
870 2236 959 2287 rapi
982 2239 1099 2274 extra
1114 2238 1276 2287 portani
1293 2235 1448 2287 jussus.

145 2295 214 2334 Ita
247 2295 288 2333 in
325 2298 458 2333 castra
498 2293 772 2346 perducitiu·;
808 2292 1104 2345 extemploque
1141 2293 1363 2345 impositus
1405 2294 1450 2332 in

146 2365 296 2391 navcm
332 2357 375 2391 ct
417 2352 717 2403 Carthaginem
759 2352 921 2398 missus,
978 2353 1041 2389 10.
1073 2363 1125 2389 ne
1158 2354 1276 2389 motu
1306 2349 1450 2403 aliquo

145 2410 298 2463 Capua¹
331 2424 380 2449 ex
410 2409 668 2461 indignitate
705 2409 764 2447 rei
793 2412 883 2448 orto
917 2411 1108 2447 senatum
1143 2421 1309 2461 quoque
1339 2421 1449 2461 pa‘n-
