<?xml version="1.0" encoding="UTF-8"?>
<!DOCTYPE html PUBLIC "-//W3C//DTD XHTML 1.0 Transitional//EN"
    "http://www.w3.org/TR/xhtml1/DTD/xhtml1-transitional.dtd">
<html xmlns="http://www.w3.org/1999/xhtml" xml:lang="en" lang="en">
 <head>
  <title>
</title>
<meta http-equiv="Content-Type" content="text/html;charset=utf-8" />
  <meta name='ocr-system' content='tesseract 3.04.00' />
  <meta name='ocr-capabilities' content='ocr_page ocr_carea ocr_par ocr_line ocrx_word'/>
</head>
<body>
  <div class='ocr_page' id='page_1' title='image "./bookxxiiiwithexp00livyuoft_0076.png"; bbox 0 0 1663 2718; ppageno 0'>
   <div class='ocr_carea' id='block_1_1' title="bbox 183 155 1198 196">
    <p class='ocr_par' dir='ltr' id='par_1_1' title="bbox 183 155 1198 196">
     <span class='ocr_line' id='line_1_1' title="bbox 183 155 1198 196; baseline 0.001 -2"><span class='ocrx_word' id='word_1_1' title='bbox 183 155 237 194; x_wconf 80' lang='lat'>64</span> <span class='ocrx_word' id='word_1_2' title='bbox 478 157 592 196; x_wconf 86' lang='grc' dir='ltr'>ΤΙΤΙ</span> <span class='ocrx_word' id='word_1_3' title='bbox 628 158 770 196; x_wconf 75' lang='lat' dir='ltr'><strong>LI‘VII</strong></span> <span class='ocrx_word' id='word_1_4' title='bbox 804 156 1198 196; x_wconf 76' lang='lat' dir='ltr'>HISTORIARUM</span> 
     </span>
    </p>
   </div>
   <div class='ocr_carea' id='block_1_2' title="bbox 181 266 1496 2491">
    <p class='ocr_par' dir='ltr' id='par_1_2' title="bbox 181 266 1492 1463">
     <span class='ocr_line' id='line_1_2' title="bbox 182 266 1491 318; baseline 0.001 -12"><span class='ocrx_word' id='word_1_5' title='bbox 182 267 357 318; x_wconf 85' lang='lat' dir='ltr'>anisque</span> <span class='ocrx_word' id='word_1_6' title='bbox 378 270 610 307; x_wconf 90' lang='lat' dir='ltr'>crescerent</span> <span class='ocrx_word' id='word_1_7' title='bbox 639 268 786 316; x_wconf 88' lang='lat' dir='ltr'>animi,</span> <span class='ocrx_word' id='word_1_8' title='bbox 807 281 891 307; x_wconf 92' lang='lat' dir='ltr'>non</span> <span class='ocrx_word' id='word_1_9' title='bbox 922 268 1028 307; x_wconf 90' lang='lat' dir='ltr'>duce</span> <span class='ocrx_word' id='word_1_10' title='bbox 1059 267 1195 307; x_wconf 89' lang='lat' dir='ltr'>solum</span> <span class='ocrx_word' id='word_1_11' title='bbox 1225 266 1491 317; x_wconf 72' lang='lat' dir='ltr'>adhortante,</span> 
     </span>
     <span class='ocr_line' id='line_1_3' title="bbox 183 323 1492 378; baseline 0.003 -16"><span class='ocrx_word' id='word_1_12' title='bbox 183 323 256 362; x_wconf 88' lang='lat' dir='ltr'>sed</span> <span class='ocrx_word' id='word_1_13' title='bbox 264 323 439 363; x_wconf 90' lang='lat' dir='ltr'>Nolanis</span> <span class='ocrx_word' id='word_1_14' title='bbox 456 325 588 364; x_wconf 87' lang='lat' dir='ltr'>etiam</span> <span class='ocrx_word' id='word_1_15' title='bbox 600 338 674 378; x_wconf 92' lang='lat' dir='ltr'>per</span> <span class='ocrx_word' id='word_1_16' title='bbox 687 325 925 373; x_wconf 85' lang='lat' dir='ltr'>clamorem,</span> <span class='ocrx_word' id='word_1_17' title='bbox 938 325 1092 364; x_wconf 87' lang='lat' dir='ltr'>favoris</span> <span class='ocrx_word' id='word_1_18' title='bbox 1104 325 1302 373; x_wconf 88' lang='lat' dir='ltr'>indicem,</span> <span class='ocrx_word' id='word_1_19' title='bbox 1316 325 1492 366; x_wconf 89' lang='lat' dir='ltr'>accend-</span> 
     </span>
     <span class='ocr_line' id='line_1_4' title="bbox 183 380 1490 440; baseline 0.002 -21"><span class='ocrx_word' id='word_1_20' title='bbox 183 380 351 420; x_wconf 78' lang='lat' dir='ltr'>entibus</span> <span class='ocrx_word' id='word_1_21' title='bbox 382 381 572 421; x_wconf 87' lang='lat' dir='ltr'>ardorem</span> <span class='ocrx_word' id='word_1_22' title='bbox 601 395 770 440; x_wconf 81' lang='lat' dir='ltr'>pugnae,</span> <span class='ocrx_word' id='word_1_23' title='bbox 800 386 921 435; x_wconf 85' lang='lat' dir='ltr'>terga</span> <span class='ocrx_word' id='word_1_24' title='bbox 951 382 1075 422; x_wconf 89' lang='lat' dir='ltr'>Poeni</span> <span class='ocrx_word' id='word_1_25' title='bbox 1117 382 1325 421; x_wconf 91' lang='lat' dir='ltr'>dederunt</span> <span class='ocrx_word' id='word_1_26' title='bbox 1362 384 1490 434; x_wconf 87' lang='lat' dir='ltr'>atque</span> 
     </span>
     <span class='ocr_line' id='line_1_5' title="bbox 183 438 1490 492; baseline 0.002 -16"><span class='ocrx_word' id='word_1_27' title='bbox 183 438 230 476; x_wconf 90' lang='lat' dir='ltr'>in</span> <span class='ocrx_word' id='word_1_28' title='bbox 251 440 386 477; x_wconf 84' lang='lat' dir='ltr'>castra</span> <span class='ocrx_word' id='word_1_29' title='bbox 411 438 616 492; x_wconf 81' lang='lat' dir='ltr'>compulsi</span> <span class='ocrx_word' id='word_1_30' title='bbox 644 442 755 479; x_wconf 85' lang='lat' dir='ltr'>sunt.</span> <span class='ocrx_word' id='word_1_31' title='bbox 817 443 855 479; x_wconf 89' lang='lat'>3.</span> <span class='ocrx_word' id='word_1_32' title='bbox 889 439 990 487; x_wconf 85' lang='lat' dir='ltr'>Quae</span> <span class='ocrx_word' id='word_1_33' title='bbox 1011 452 1252 492; x_wconf 82' lang='lat' dir='ltr'>oppugnare</span> <span class='ocrx_word' id='word_1_34' title='bbox 1273 440 1490 492; x_wconf 85' lang='lat' dir='ltr'>cupientes</span> 
     </span>
     <span class='ocr_line' id='line_1_6' title="bbox 182 494 1489 549; baseline 0.002 -16"><span class='ocrx_word' id='word_1_35' title='bbox 182 494 344 534; x_wconf 78' lang='lat' dir='ltr'>milites</span> <span class='ocrx_word' id='word_1_36' title='bbox 365 495 574 536; x_wconf 89' lang='lat' dir='ltr'>Romanos</span> <span class='ocrx_word' id='word_1_37' title='bbox 601 496 828 536; x_wconf 83' lang='lat' dir='ltr'>Marcellus</span> <span class='ocrx_word' id='word_1_38' title='bbox 848 497 1002 536; x_wconf 86' lang='lat' dir='ltr'>Nolam</span> <span class='ocrx_word' id='word_1_39' title='bbox 1029 497 1198 536; x_wconf 78' lang='lat' dir='ltr'>reduxit</span> <span class='ocrx_word' id='word_1_40' title='bbox 1219 510 1315 536; x_wconf 89' lang='lat' dir='ltr'>cum</span> <span class='ocrx_word' id='word_1_41' title='bbox 1335 510 1489 549; x_wconf 84' lang='lat' dir='ltr'>magno</span> 
     </span>
     <span class='ocr_line' id='line_1_7' title="bbox 183 552 1490 606; baseline 0.002 -16"><span class='ocrx_word' id='word_1_42' title='bbox 183 552 338 604; x_wconf 86' lang='lat' dir='ltr'>gaudio</span> <span class='ocrx_word' id='word_1_43' title='bbox 361 557 405 591; x_wconf 91' lang='lat' dir='ltr'>et</span> <span class='ocrx_word' id='word_1_44' title='bbox 426 553 714 605; x_wconf 70' lang='lat' dir='ltr'>gratulatione</span> <span class='ocrx_word' id='word_1_45' title='bbox 736 555 867 593; x_wconf 85' lang='lat' dir='ltr'>etiam</span> <span class='ocrx_word' id='word_1_46' title='bbox 888 554 1038 606; x_wconf 89' lang='lat' dir='ltr'>plebis,</span> <span class='ocrx_word' id='word_1_47' title='bbox 1055 567 1148 606; x_wconf 84' lang='lat' dir='ltr'>quae</span> <span class='ocrx_word' id='word_1_48' title='bbox 1169 557 1268 593; x_wconf 85' lang='lat' dir='ltr'>ante</span> <span class='ocrx_word' id='word_1_49' title='bbox 1289 553 1490 593; x_wconf 86' lang='lat' dir='ltr'>inclinat-</span> 
     </span>
     <span class='ocr_line' id='line_1_8' title="bbox 182 609 1489 663; baseline 0.002 -16"><span class='ocrx_word' id='word_1_50' title='bbox 182 610 247 648; x_wconf 90' lang='lat' dir='ltr'>ior</span> <span class='ocrx_word' id='word_1_51' title='bbox 268 609 320 648; x_wconf 85' lang='lat' dir='ltr'>ad</span> <span class='ocrx_word' id='word_1_52' title='bbox 342 609 493 649; x_wconf 86' lang='lat' dir='ltr'>Poenos</span> <span class='ocrx_word' id='word_1_53' title='bbox 514 612 664 650; x_wconf 87' lang='lat' dir='ltr'>fuerat.</span> <span class='ocrx_word' id='word_1_54' title='bbox 725 614 766 650; x_wconf 88' lang='lat'>4.</span> <span class='ocrx_word' id='word_1_55' title='bbox 798 611 1000 650; x_wconf 89' lang='lat' dir='ltr'>Hostium</span> <span class='ocrx_word' id='word_1_56' title='bbox 1031 611 1123 663; x_wconf 92' lang='lat' dir='ltr'>plus</span> <span class='ocrx_word' id='word_1_57' title='bbox 1143 612 1331 663; x_wconf 90' lang='lat' dir='ltr'>quinque</span> <span class='ocrx_word' id='word_1_58' title='bbox 1351 611 1489 650; x_wconf 89' lang='lat' dir='ltr'>millia</span> 
     </span>
     <span class='ocr_line' id='line_1_9' title="bbox 183 667 1489 720; baseline 0.001 -15"><span class='ocrx_word' id='word_1_59' title='bbox 183 679 288 705; x_wconf 77' lang='lat' dir='ltr'>caesa</span> <span class='ocrx_word' id='word_1_60' title='bbox 309 680 356 706; x_wconf 92' lang='lat' dir='ltr'>eo</span> <span class='ocrx_word' id='word_1_61' title='bbox 371 667 452 716; x_wconf 87' lang='lat' dir='ltr'>die,</span> <span class='ocrx_word' id='word_1_62' title='bbox 470 668 557 706; x_wconf 85' lang='lat' dir='ltr'>vivi</span> <span class='ocrx_word' id='word_1_63' title='bbox 580 669 692 720; x_wconf 86' lang='lat' dir='ltr'>eapti</span> <span class='ocrx_word' id='word_1_64' title='bbox 715 669 915 715; x_wconf 81' lang='lat' dir='ltr'>sexcenti,</span> <span class='ocrx_word' id='word_1_65' title='bbox 933 672 975 707; x_wconf 87' lang='lat' dir='ltr'>et</span> <span class='ocrx_word' id='word_1_66' title='bbox 993 669 1112 720; x_wconf 85' lang='lat' dir='ltr'>signa</span> <span class='ocrx_word' id='word_1_67' title='bbox 1132 668 1338 706; x_wconf 88' lang='lat' dir='ltr'>militaria</span> <span class='ocrx_word' id='word_1_68' title='bbox 1358 668 1489 707; x_wconf 90' lang='lat' dir='ltr'>unde-</span> 
     </span>
     <span class='ocr_line' id='line_1_10' title="bbox 181 724 1489 777; baseline 0.002 -15"><span class='ocrx_word' id='word_1_69' title='bbox 181 724 355 775; x_wconf 83' lang='lat' dir='ltr'>viginti,</span> <span class='ocrx_word' id='word_1_70' title='bbox 378 727 421 763; x_wconf 89' lang='lat' dir='ltr'>et</span> <span class='ocrx_word' id='word_1_71' title='bbox 442 724 523 763; x_wconf 90' lang='lat' dir='ltr'>duo</span> <span class='ocrx_word' id='word_1_72' title='bbox 546 724 777 777; x_wconf 80' lang='lat' dir='ltr'>elephanti,</span> <span class='ocrx_word' id='word_1_73' title='bbox 799 728 978 777; x_wconf 87' lang='lat' dir='ltr'>quatuor</span> <span class='ocrx_word' id='word_1_74' title='bbox 999 726 1045 763; x_wconf 92' lang='lat' dir='ltr'>in</span> <span class='ocrx_word' id='word_1_75' title='bbox 1065 726 1156 763; x_wconf 87' lang='lat' dir='ltr'>acie</span> <span class='ocrx_word' id='word_1_76' title='bbox 1178 725 1329 773; x_wconf 83' lang='lat' dir='ltr'>oceisi3</span> <span class='ocrx_word' id='word_1_77' title='bbox 1361 724 1489 764; x_wconf 85' lang='lat' dir='ltr'>Rom-</span> 
     </span>
     <span class='ocr_line' id='line_1_11' title="bbox 181 781 1487 831; baseline 0.002 -13"><span class='ocrx_word' id='word_1_78' title='bbox 181 793 358 819; x_wconf 86' lang='lat' dir='ltr'>anorum</span> <span class='ocrx_word' id='word_1_79' title='bbox 392 781 533 820; x_wconf 78' lang='lat' dir='ltr'>minsis</span> <span class='ocrx_word' id='word_1_80' title='bbox 573 781 692 820; x_wconf 92' lang='lat' dir='ltr'>mille</span> <span class='ocrx_word' id='word_1_81' title='bbox 725 782 954 821; x_wconf 80' lang='lat' dir='ltr'>interfecti.</span> <span class='ocrx_word' id='word_1_82' title='bbox 1036 783 1075 821; x_wconf 92' lang='lat'>5.</span> <span class='ocrx_word' id='word_1_83' title='bbox 1107 782 1330 821; x_wconf 89' lang='lat' dir='ltr'>Posterum</span> <span class='ocrx_word' id='word_1_84' title='bbox 1359 782 1487 831; x_wconf 89' lang='lat' dir='ltr'>diem,</span> 
     </span>
     <span class='ocr_line' id='line_1_12' title="bbox 181 837 1488 891; baseline 0.002 -16"><span class='ocrx_word' id='word_1_85' title='bbox 181 837 364 876; x_wconf 90' lang='lat' dir='ltr'>indutiis</span> <span class='ocrx_word' id='word_1_86' title='bbox 385 838 543 886; x_wconf 87' lang='lat' dir='ltr'>tacitis,</span> <span class='ocrx_word' id='word_1_87' title='bbox 565 838 807 891; x_wconf 88' lang='lat' dir='ltr'>sepeliendo</span> <span class='ocrx_word' id='word_1_88' title='bbox 829 840 1043 891; x_wconf 86' lang='lat' dir='ltr'>utrimque</span> <span class='ocrx_word' id='word_1_89' title='bbox 1065 852 1188 878; x_wconf 78' lang='lat' dir='ltr'>caesos</span> <span class='ocrx_word' id='word_1_90' title='bbox 1208 840 1255 878; x_wconf 92' lang='lat' dir='ltr'>in</span> <span class='ocrx_word' id='word_1_91' title='bbox 1276 840 1366 879; x_wconf 88' lang='lat' dir='ltr'>acie</span> <span class='ocrx_word' id='word_1_92' title='bbox 1387 853 1488 879; x_wconf 89' lang='lat' dir='ltr'>con-</span> 
     </span>
     <span class='ocr_line' id='line_1_13' title="bbox 181 895 1487 948; baseline 0.003 -16"><span class='ocrx_word' id='word_1_93' title='bbox 181 898 464 946; x_wconf 89' lang='lat' dir='ltr'>sumpserunt.</span> <span class='ocrx_word' id='word_1_94' title='bbox 503 895 649 948; x_wconf 82' lang='lat' dir='ltr'>Spolia</span> <span class='ocrx_word' id='word_1_95' title='bbox 663 896 848 935; x_wconf 90' lang='lat' dir='ltr'>hostium</span> <span class='ocrx_word' id='word_1_96' title='bbox 862 896 1104 943; x_wconf 82' lang='lat' dir='ltr'>Marcellus,</span> <span class='ocrx_word' id='word_1_97' title='bbox 1120 896 1310 936; x_wconf 90' lang='lat' dir='ltr'>Vulcano</span> <span class='ocrx_word' id='word_1_98' title='bbox 1327 899 1487 945; x_wconf 83' lang='lat' dir='ltr'>votum,</span> 
     </span>
     <span class='ocr_line' id='line_1_14' title="bbox 182 953 1488 1007; baseline 0.002 -17"><span class='ocrx_word' id='word_1_99' title='bbox 182 953 398 991; x_wconf 85' lang='lat' dir='ltr'>cremavit.</span> <span class='ocrx_word' id='word_1_100' title='bbox 462 953 499 992; x_wconf 89' lang='lat'>6.</span> <span class='ocrx_word' id='word_1_101' title='bbox 531 954 676 992; x_wconf 89' lang='lat' dir='ltr'>Tertio</span> <span class='ocrx_word' id='word_1_102' title='bbox 706 957 800 1006; x_wconf 87' lang='lat' dir='ltr'>post</span> <span class='ocrx_word' id='word_1_103' title='bbox 827 953 1009 993; x_wconf 80' lang='lat' dir='ltr'>die—ob</span> <span class='ocrx_word' id='word_1_104' title='bbox 1030 954 1138 992; x_wconf 87' lang='lat' dir='ltr'>iram</span> <span class='ocrx_word' id='word_1_105' title='bbox 1159 954 1280 993; x_wconf 89' lang='lat' dir='ltr'>credo</span> <span class='ocrx_word' id='word_1_106' title='bbox 1300 953 1488 1007; x_wconf 90' lang='lat' dir='ltr'>aliquam</span> 
     </span>
     <span class='ocr_line' id='line_1_15' title="bbox 181 1009 1487 1063; baseline 0.002 -15"><span class='ocrx_word' id='word_1_107' title='bbox 181 1012 256 1048; x_wconf 82' lang='lat' dir='ltr'>aut</span> <span class='ocrx_word' id='word_1_108' title='bbox 276 1023 393 1061; x_wconf 86' lang='lat' dir='ltr'>spem</span> <span class='ocrx_word' id='word_1_109' title='bbox 414 1009 664 1049; x_wconf 87' lang='lat' dir='ltr'>liberalioris</span> <span class='ocrx_word' id='word_1_110' title='bbox 684 1011 1084 1050; x_wconf 76' lang='lat' dir='ltr'>militiae—ducenti</span> <span class='ocrx_word' id='word_1_111' title='bbox 1112 1011 1384 1063; x_wconf 84' lang='lat' dir='ltr'>septuaginta</span> <span class='ocrx_word' id='word_1_112' title='bbox 1405 1011 1487 1051; x_wconf 92' lang='lat' dir='ltr'>duo</span> 
     </span>
     <span class='ocr_line' id='line_1_16' title="bbox 181 1067 1488 1120; baseline 0.002 -16"><span class='ocrx_word' id='word_1_113' title='bbox 181 1067 361 1118; x_wconf 87' lang='lat' dir='ltr'>equites,</span> <span class='ocrx_word' id='word_1_114' title='bbox 418 1068 545 1106; x_wconf 78' lang='lat' dir='ltr'>mixti</span> <span class='ocrx_word' id='word_1_115' title='bbox 585 1068 783 1107; x_wconf 78' lang='lat' dir='ltr'>Numidae</span> <span class='ocrx_word' id='word_1_116' title='bbox 823 1071 868 1107; x_wconf 89' lang='lat' dir='ltr'>et</span> <span class='ocrx_word' id='word_1_117' title='bbox 907 1068 1102 1120; x_wconf 85' lang='lat' dir='ltr'>Hispani,</span> <span class='ocrx_word' id='word_1_118' title='bbox 1143 1069 1195 1107; x_wconf 87' lang='lat' dir='ltr'>ad</span> <span class='ocrx_word' id='word_1_119' title='bbox 1236 1067 1488 1108; x_wconf 88' lang='lat' dir='ltr'>Marcellum</span> 
     </span>
     <span class='ocr_line' id='line_1_17' title="bbox 181 1125 1488 1177; baseline 0.002 -15"><span class='ocrx_word' id='word_1_120' title='bbox 181 1125 512 1176; x_wconf 84' lang='lat' dir='ltr'>transfugerunt.</span> <span class='ocrx_word' id='word_1_121' title='bbox 574 1125 732 1164; x_wconf 90' lang='lat' dir='ltr'>Eorum</span> <span class='ocrx_word' id='word_1_122' title='bbox 753 1125 853 1165; x_wconf 90' lang='lat' dir='ltr'>forti</span> <span class='ocrx_word' id='word_1_123' title='bbox 875 1125 1074 1177; x_wconf 88' lang='lat' dir='ltr'>fidelique</span> <span class='ocrx_word' id='word_1_124' title='bbox 1097 1130 1221 1177; x_wconf 62' lang='lat' dir='ltr'>opera</span> <span class='ocrx_word' id='word_1_125' title='bbox 1240 1126 1287 1164; x_wconf 94' lang='lat' dir='ltr'>in</span> <span class='ocrx_word' id='word_1_126' title='bbox 1308 1139 1356 1165; x_wconf 94' lang='lat' dir='ltr'>eo</span> <span class='ocrx_word' id='word_1_127' title='bbox 1377 1125 1488 1165; x_wconf 92' lang='lat' dir='ltr'>bello</span> 
     </span>
     <span class='ocr_line' id='line_1_18' title="bbox 181 1182 1488 1235; baseline 0.002 -16"><span class='ocrx_word' id='word_1_128' title='bbox 181 1182 245 1219; x_wconf 84' lang='lat' dir='ltr'>usi</span> <span class='ocrx_word' id='word_1_129' title='bbox 268 1185 365 1220; x_wconf 88' lang='lat' dir='ltr'>sunt</span> <span class='ocrx_word' id='word_1_130' title='bbox 386 1195 493 1234; x_wconf 76' lang='lat' dir='ltr'>saepe</span> <span class='ocrx_word' id='word_1_131' title='bbox 515 1182 709 1221; x_wconf 85' lang='lat' dir='ltr'>Romani.</span> <span class='ocrx_word' id='word_1_132' title='bbox 778 1183 816 1222; x_wconf 86' lang='lat'>7.</span> <span class='ocrx_word' id='word_1_133' title='bbox 840 1183 951 1233; x_wconf 85' lang='lat' dir='ltr'>Ager</span> <span class='ocrx_word' id='word_1_134' title='bbox 971 1183 1173 1234; x_wconf 87' lang='lat' dir='ltr'>Hispanis</span> <span class='ocrx_word' id='word_1_135' title='bbox 1201 1183 1247 1221; x_wconf 89' lang='lat' dir='ltr'>in</span> <span class='ocrx_word' id='word_1_136' title='bbox 1268 1182 1488 1235; x_wconf 71' lang='lat' dir='ltr'>Hispania,</span> 
     </span>
     <span class='ocr_line' id='line_1_19' title="bbox 181 1238 1489 1291; baseline 0.002 -14"><span class='ocrx_word' id='word_1_137' title='bbox 181 1242 225 1277; x_wconf 87' lang='lat' dir='ltr'>et</span> <span class='ocrx_word' id='word_1_138' title='bbox 246 1238 446 1278; x_wconf 81' lang='lat' dir='ltr'>Numidis</span> <span class='ocrx_word' id='word_1_139' title='bbox 467 1240 513 1278; x_wconf 95' lang='lat' dir='ltr'>in</span> <span class='ocrx_word' id='word_1_140' title='bbox 535 1239 689 1287; x_wconf 66' lang='lat' dir='ltr'>Africa,</span> <span class='ocrx_word' id='word_1_141' title='bbox 712 1246 807 1291; x_wconf 92' lang='lat' dir='ltr'>post</span> <span class='ocrx_word' id='word_1_142' title='bbox 837 1239 999 1278; x_wconf 90' lang='lat' dir='ltr'>bellum</span> <span class='ocrx_word' id='word_1_143' title='bbox 1021 1240 1192 1278; x_wconf 86' lang='lat' dir='ltr'>virtutis</span> <span class='ocrx_word' id='word_1_144' title='bbox 1214 1244 1337 1279; x_wconf 70' lang='lat' dir='ltr'>causa</span> <span class='ocrx_word' id='word_1_145' title='bbox 1366 1240 1489 1279; x_wconf 89' lang='lat' dir='ltr'>datus</span> 
     </span>
     <span class='ocr_line' id='line_1_20' title="bbox 181 1296 1489 1345; baseline 0.002 -11"><span class='ocrx_word' id='word_1_146' title='bbox 181 1299 256 1335; x_wconf 89' lang='lat' dir='ltr'>est.</span> <span class='ocrx_word' id='word_1_147' title='bbox 301 1298 339 1335; x_wconf 86' lang='lat'>8.</span> <span class='ocrx_word' id='word_1_148' title='bbox 362 1296 594 1345; x_wconf 87' lang='lat' dir='ltr'>Hannibal,</span> <span class='ocrx_word' id='word_1_149' title='bbox 611 1296 664 1336; x_wconf 88' lang='lat' dir='ltr'>ab</span> <span class='ocrx_word' id='word_1_150' title='bbox 684 1297 725 1335; x_wconf 91' lang='lat' dir='ltr'>N</span> <span class='ocrx_word' id='word_1_151' title='bbox 728 1296 795 1335; x_wconf 64' lang='lat' dir='ltr'>ola]</span> <span class='ocrx_word' id='word_1_152' title='bbox 807 1297 977 1335; x_wconf 89' lang='lat' dir='ltr'>remisso</span> <span class='ocrx_word' id='word_1_153' title='bbox 998 1297 1045 1335; x_wconf 95' lang='lat' dir='ltr'>in</span> <span class='ocrx_word' id='word_1_154' title='bbox 1067 1296 1258 1336; x_wconf 88' lang='lat' dir='ltr'>Bruttios</span> <span class='ocrx_word' id='word_1_155' title='bbox 1279 1296 1489 1336; x_wconf 88' lang='lat' dir='ltr'>Hannone</span> 
     </span>
     <span class='ocr_line' id='line_1_21' title="bbox 182 1353 1490 1407; baseline 0.002 -16"><span class='ocrx_word' id='word_1_156' title='bbox 182 1367 278 1392; x_wconf 86' lang='lat' dir='ltr'>cum</span> <span class='ocrx_word' id='word_1_157' title='bbox 308 1353 460 1405; x_wconf 87' lang='lat' dir='ltr'>quibus</span> <span class='ocrx_word' id='word_1_158' title='bbox 481 1357 654 1394; x_wconf 74' lang='lat' dir='ltr'>venerat</span> <span class='ocrx_word' id='word_1_159' title='bbox 684 1355 829 1406; x_wconf 89' lang='lat' dir='ltr'>copiis,</span> <span class='ocrx_word' id='word_1_160' title='bbox 851 1355 941 1406; x_wconf 90' lang='lat' dir='ltr'>ipse</span> <span class='ocrx_word' id='word_1_161' title='bbox 969 1353 1135 1406; x_wconf 85' lang='lat' dir='ltr'>Apuliae</span> <span class='ocrx_word' id='word_1_162' title='bbox 1166 1354 1342 1393; x_wconf 87' lang='lat' dir='ltr'>hiberna</span> <span class='ocrx_word' id='word_1_163' title='bbox 1362 1355 1490 1407; x_wconf 90' lang='lat' dir='ltr'>petit,</span> 
     </span>
     <span class='ocr_line' id='line_1_22' title="bbox 181 1411 749 1463; baseline 0.002 -14"><span class='ocrx_word' id='word_1_164' title='bbox 181 1411 372 1463; x_wconf 86' lang='lat' dir='ltr'>circaque</span> <span class='ocrx_word' id='word_1_165' title='bbox 394 1411 525 1463; x_wconf 89' lang='lat' dir='ltr'>Arpos</span> <span class='ocrx_word' id='word_1_166' title='bbox 546 1412 749 1451; x_wconf 85' lang='lat' dir='ltr'>consedit.</span> 
     </span>
    </p>

    <p class='ocr_par' dir='ltr' id='par_1_3' title="bbox 181 1468 1496 2491">
     <span class='ocr_line' id='line_1_23' title="bbox 242 1468 1490 1521; baseline 0.002 -15"><span class='ocrx_word' id='word_1_167' title='bbox 242 1470 280 1507; x_wconf 85' lang='lat'>9.</span> <span class='ocrx_word' id='word_1_168' title='bbox 314 1468 360 1515; x_wconf 81' lang='lat' dir='ltr'>Q.</span> <span class='ocrx_word' id='word_1_169' title='bbox 390 1468 545 1508; x_wconf 86' lang='lat' dir='ltr'>Fabius</span> <span class='ocrx_word' id='word_1_170' title='bbox 573 1472 622 1508; x_wconf 90' lang='lat' dir='ltr'>ut</span> <span class='ocrx_word' id='word_1_171' title='bbox 651 1469 889 1521; x_wconf 89' lang='lat' dir='ltr'>profectum</span> <span class='ocrx_word' id='word_1_172' title='bbox 914 1469 961 1507; x_wconf 92' lang='lat' dir='ltr'>in</span> <span class='ocrx_word' id='word_1_173' title='bbox 982 1468 1181 1521; x_wconf 86' lang='lat' dir='ltr'>Apuliam</span> <span class='ocrx_word' id='word_1_174' title='bbox 1203 1468 1490 1508; x_wconf 87' lang='lat' dir='ltr'>Hannibalem</span> 
     </span>
     <span class='ocr_line' id='line_1_24' title="bbox 181 1525 1491 1578; baseline 0.002 -14"><span class='ocrx_word' id='word_1_175' title='bbox 181 1526 362 1572; x_wconf 78' lang='lat' dir='ltr'>audivit,</span> <span class='ocrx_word' id='word_1_176' title='bbox 397 1526 611 1565; x_wconf 87' lang='lat' dir='ltr'>frumento</span> <span class='ocrx_word' id='word_1_177' title='bbox 653 1527 706 1565; x_wconf 88' lang='lat' dir='ltr'>ab</span> <span class='ocrx_word' id='word_1_178' title='bbox 750 1526 791 1564; x_wconf 85' lang='lat' dir='ltr'>N</span> <span class='ocrx_word' id='word_1_179' title='bbox 793 1525 860 1565; x_wconf 65' lang='lat' dir='ltr'>ola</span> <span class='ocrx_word' id='word_1_180' title='bbox 892 1526 1154 1578; x_wconf 85' lang='lat' dir='ltr'>Neapolique</span> <span class='ocrx_word' id='word_1_181' title='bbox 1187 1527 1232 1564; x_wconf 91' lang='lat' dir='ltr'>in</span> <span class='ocrx_word' id='word_1_182' title='bbox 1265 1539 1314 1565; x_wconf 84' lang='lat' dir='ltr'>ea</span> <span class='ocrx_word' id='word_1_183' title='bbox 1354 1529 1491 1566; x_wconf 87' lang='lat' dir='ltr'>castra</span> 
     </span>
     <span class='ocr_line' id='line_1_25' title="bbox 182 1583 1490 1636; baseline 0.002 -15"><span class='ocrx_word' id='word_1_184' title='bbox 182 1586 395 1632; x_wconf 77' lang='lat' dir='ltr'>convecto,</span> <span class='ocrx_word' id='word_1_185' title='bbox 416 1597 511 1636; x_wconf 78' lang='lat' dir='ltr'>quae</span> <span class='ocrx_word' id='word_1_186' title='bbox 542 1597 665 1635; x_wconf 92' lang='lat' dir='ltr'>super</span> <span class='ocrx_word' id='word_1_187' title='bbox 692 1583 932 1623; x_wconf 81' lang='lat' dir='ltr'>Suessulam</span> <span class='ocrx_word' id='word_1_188' title='bbox 963 1586 1096 1631; x_wconf 84' lang='lat' dir='ltr'>erant,</span> <span class='ocrx_word' id='word_1_189' title='bbox 1127 1584 1490 1636; x_wconf 84' lang='lat' dir='ltr'>munimentisque</span> 
     </span>
     <span class='ocr_line' id='line_1_26' title="bbox 182 1640 1490 1693; baseline 0.002 -15"><span class='ocrx_word' id='word_1_190' title='bbox 182 1640 374 1688; x_wconf 86' lang='lat' dir='ltr'>firmatis,</span> <span class='ocrx_word' id='word_1_191' title='bbox 397 1646 438 1680; x_wconf 87' lang='lat' dir='ltr'>et</span> <span class='ocrx_word' id='word_1_192' title='bbox 460 1641 669 1693; x_wconf 85' lang='lat' dir='ltr'>praesidio,</span> <span class='ocrx_word' id='word_1_193' title='bbox 691 1641 802 1693; x_wconf 89' lang='lat' dir='ltr'>quod</span> <span class='ocrx_word' id='word_1_194' title='bbox 833 1654 907 1693; x_wconf 87' lang='lat' dir='ltr'>per</span> <span class='ocrx_word' id='word_1_195' title='bbox 927 1640 1106 1679; x_wconf 87' lang='lat' dir='ltr'>hiberna</span> <span class='ocrx_word' id='word_1_196' title='bbox 1127 1641 1180 1679; x_wconf 85' lang='lat' dir='ltr'>ad</span> <span class='ocrx_word' id='word_1_197' title='bbox 1211 1641 1490 1680; x_wconf 90' lang='lat' dir='ltr'>obtinendum</span> 
     </span>
     <span class='ocr_line' id='line_1_27' title="bbox 182 1697 1491 1762; baseline 0.001 -26"><span class='ocrx_word' id='word_1_198' title='bbox 182 1697 323 1736; x_wconf 88' lang='lat' dir='ltr'>locum</span> <span class='ocrx_word' id='word_1_199' title='bbox 364 1698 464 1737; x_wconf 88' lang='lat' dir='ltr'>satis</span> <span class='ocrx_word' id='word_1_200' title='bbox 505 1701 625 1746; x_wconf 89' lang='lat' dir='ltr'>esset,</span> <span class='ocrx_word' id='word_1_201' title='bbox 661 1698 822 1745; x_wconf 89' lang='lat' dir='ltr'>relicto,</span> <span class='ocrx_word' id='word_1_202' title='bbox 868 1700 932 1737; x_wconf 91' lang='grc'>10.</span> <span class='ocrx_word' id='word_1_203' title='bbox 964 1698 1052 1750; x_wconf 77' lang='lat' dir='ltr'>ipse</span> <span class='ocrx_word' id='word_1_204' title='bbox 1094 1697 1279 1750; x_wconf 82' lang='lat' dir='ltr'>Capuam</span> <span class='ocrx_word' id='word_1_205' title='bbox 1306 1699 1491 1762; x_wconf 30' lang='lat' dir='ltr'>‘propius</span> 
     </span>
     <span class='ocr_line' id='line_1_28' title="bbox 182 1754 1492 1808; baseline 0 -14"><span class='ocrx_word' id='word_1_206' title='bbox 182 1755 318 1794; x_wconf 67' lang='grc'>1110111</span> <span class='ocrx_word' id='word_1_207' title='bbox 351 1758 499 1803; x_wconf 85' lang='lat' dir='ltr'>castra,</span> <span class='ocrx_word' id='word_1_208' title='bbox 531 1768 762 1808; x_wconf 84' lang='lat' dir='ltr'>agrumque</span> <span class='ocrx_word' id='word_1_209' title='bbox 794 1755 1054 1807; x_wconf 86' lang='lat' dir='ltr'>Campanum</span> <span class='ocrx_word' id='word_1_210' title='bbox 1086 1754 1195 1794; x_wconf 86' lang='lat' dir='ltr'>ferro</span> <span class='ocrx_word' id='word_1_211' title='bbox 1225 1756 1401 1808; x_wconf 84' lang='lat' dir='ltr'>ignique</span> <span class='ocrx_word' id='word_1_212' title='bbox 1428 1764 1492 1795; x_wconf 77' lang='lat' dir='ltr'>est,</span> 
     </span>
     <span class='ocr_line' id='line_1_29' title="bbox 185 1811 1492 1865; baseline 0.001 -14"><span class='ocrx_word' id='word_1_213' title='bbox 185 1812 478 1865; x_wconf 84' lang='lat' dir='ltr'>depopulatus,</span> <span class='ocrx_word' id='word_1_214' title='bbox 519 1812 651 1851; x_wconf 84' lang='lat' dir='ltr'>donee</span> <span class='ocrx_word' id='word_1_215' title='bbox 693 1813 827 1851; x_wconf 86' lang='lat' dir='ltr'>coacti</span> <span class='ocrx_word' id='word_1_216' title='bbox 869 1815 968 1851; x_wconf 86' lang='lat' dir='ltr'>sunt</span> <span class='ocrx_word' id='word_1_217' title='bbox 1009 1811 1226 1865; x_wconf 90' lang='lat' dir='ltr'>Campani,</span> <span class='ocrx_word' id='word_1_218' title='bbox 1267 1812 1380 1851; x_wconf 91' lang='lat' dir='ltr'>nihil</span> <span class='ocrx_word' id='word_1_219' title='bbox 1419 1812 1492 1852; x_wconf 90' lang='lat' dir='ltr'>ad-</span> 
     </span>
     <span class='ocr_line' id='line_1_30' title="bbox 182 1869 1492 1922; baseline 0.001 -14"><span class='ocrx_word' id='word_1_220' title='bbox 182 1870 358 1909; x_wconf 83' lang='lat' dir='ltr'>modum</span> <span class='ocrx_word' id='word_1_221' title='bbox 393 1870 553 1909; x_wconf 80' lang='lat' dir='ltr'>viribus</span> <span class='ocrx_word' id='word_1_222' title='bbox 593 1871 677 1909; x_wconf 87' lang='lat' dir='ltr'>suis</span> <span class='ocrx_word' id='word_1_223' title='bbox 711 1869 901 1918; x_wconf 89' lang='lat' dir='ltr'>fidentes,</span> <span class='ocrx_word' id='word_1_224' title='bbox 937 1869 1081 1921; x_wconf 81' lang='lat' dir='ltr'>egredi</span> <span class='ocrx_word' id='word_1_225' title='bbox 1114 1870 1248 1922; x_wconf 85' lang='lat' dir='ltr'>portis</span> <span class='ocrx_word' id='word_1_226' title='bbox 1283 1872 1327 1909; x_wconf 92' lang='lat' dir='ltr'>et</span> <span class='ocrx_word' id='word_1_227' title='bbox 1358 1873 1492 1909; x_wconf 86' lang='lat' dir='ltr'>castra</span> 
     </span>
     <span class='ocr_line' id='line_1_31' title="bbox 183 1926 1492 1979; baseline 0.001 -14"><span class='ocrx_word' id='word_1_228' title='bbox 183 1931 282 1965; x_wconf 88' lang='lat' dir='ltr'>ante</span> <span class='ocrx_word' id='word_1_229' title='bbox 323 1927 471 1966; x_wconf 85' lang='lat' dir='ltr'>urbem</span> <span class='ocrx_word' id='word_1_230' title='bbox 512 1928 556 1965; x_wconf 91' lang='lat' dir='ltr'>in</span> <span class='ocrx_word' id='word_1_231' title='bbox 599 1930 742 1979; x_wconf 84' lang='lat' dir='ltr'>aperto</span> <span class='ocrx_word' id='word_1_232' title='bbox 785 1928 1058 1966; x_wconf 86' lang='lat' dir='ltr'>communire.</span> <span class='ocrx_word' id='word_1_233' title='bbox 1129 1929 1192 1965; x_wconf 92' lang='grc'>11.</span> <span class='ocrx_word' id='word_1_234' title='bbox 1233 1926 1316 1967; x_wconf 84' lang='lat' dir='ltr'>Sex</span> <span class='ocrx_word' id='word_1_235' title='bbox 1353 1926 1492 1967; x_wconf 79' lang='lat' dir='ltr'>millia</span> 
     </span>
     <span class='ocr_line' id='line_1_32' title="bbox 185 1984 1492 2037; baseline 0.002 -15"><span class='ocrx_word' id='word_1_236' title='bbox 185 1988 443 2023; x_wconf 83' lang='lat' dir='ltr'>armatorum</span> <span class='ocrx_word' id='word_1_237' title='bbox 464 1984 689 2033; x_wconf 79' lang='lat' dir='ltr'>habebant,</span> <span class='ocrx_word' id='word_1_238' title='bbox 710 1985 900 2036; x_wconf 88' lang='lat' dir='ltr'>peditem</span> <span class='ocrx_word' id='word_1_239' title='bbox 931 1984 1162 2032; x_wconf 85' lang='lat' dir='ltr'>imbellem,</span> <span class='ocrx_word' id='word_1_240' title='bbox 1183 1985 1377 2037; x_wconf 90' lang='lat' dir='ltr'>equitatu</span> <span class='ocrx_word' id='word_1_241' title='bbox 1396 1984 1492 2037; x_wconf 75' lang='lat' dir='ltr'>plus</span> 
     </span>
     <span class='ocr_line' id='line_1_33' title="bbox 185 2041 1491 2094; baseline 0.001 -14"><span class='ocrx_word' id='word_1_242' title='bbox 185 2045 382 2094; x_wconf 86' lang='lat' dir='ltr'>poterant</span> <span class='ocrx_word' id='word_1_243' title='bbox 398 2055 407 2089; x_wconf 85' lang='lat'><em>3</em></span> <span class='ocrx_word' id='word_1_244' title='bbox 430 2042 573 2094; x_wconf 85' lang='lat' dir='ltr'>itaque</span> <span class='ocrx_word' id='word_1_245' title='bbox 588 2042 850 2094; x_wconf 88' lang='lat' dir='ltr'>equestribus</span> <span class='ocrx_word' id='word_1_246' title='bbox 867 2041 1028 2093; x_wconf 88' lang='lat' dir='ltr'>proeliis</span> <span class='ocrx_word' id='word_1_247' title='bbox 1043 2041 1300 2080; x_wconf 83' lang='lat' dir='ltr'>lacessebant</span> <span class='ocrx_word' id='word_1_248' title='bbox 1314 2042 1491 2081; x_wconf 88' lang='lat' dir='ltr'>hostem.</span> 
     </span>
     <span class='ocr_line' id='line_1_34' title="bbox 190 2097 1493 2151; baseline 0 -14"><span class='ocrx_word' id='word_1_249' title='bbox 190 2101 254 2137; x_wconf 85' lang='lat'>12.</span> <span class='ocrx_word' id='word_1_250' title='bbox 288 2098 406 2137; x_wconf 87' lang='lat' dir='ltr'>Inter</span> <span class='ocrx_word' id='word_1_251' title='bbox 441 2099 597 2138; x_wconf 88' lang='lat' dir='ltr'>multos</span> <span class='ocrx_word' id='word_1_252' title='bbox 629 2098 791 2137; x_wconf 89' lang='lat' dir='ltr'>nobiles</span> <span class='ocrx_word' id='word_1_253' title='bbox 823 2099 985 2150; x_wconf 84' lang='lat' dir='ltr'>equites</span> <span class='ocrx_word' id='word_1_254' title='bbox 1026 2097 1258 2151; x_wconf 84' lang='lat' dir='ltr'>Campanos</span> <span class='ocrx_word' id='word_1_255' title='bbox 1299 2098 1493 2138; x_wconf 88' lang='lat' dir='ltr'>Cerrinus</span> 
     </span>
     <span class='ocr_line' id='line_1_35' title="bbox 186 2155 1493 2208; baseline 0.002 -15"><span class='ocrx_word' id='word_1_256' title='bbox 186 2155 394 2195; x_wconf 75' lang='lat' dir='ltr'>Vibellius</span> <span class='ocrx_word' id='word_1_257' title='bbox 417 2160 520 2204; x_wconf 83' lang='lat' dir='ltr'>erat,</span> <span class='ocrx_word' id='word_1_258' title='bbox 542 2157 791 2208; x_wconf 83' lang='lat' dir='ltr'>cognomine</span> <span class='ocrx_word' id='word_1_259' title='bbox 813 2156 986 2194; x_wconf 84' lang='lat' dir='ltr'>Taurea.</span> <span class='ocrx_word' id='word_1_260' title='bbox 1049 2155 1161 2195; x_wconf 78' lang='lat' dir='ltr'>Civis</span> <span class='ocrx_word' id='word_1_261' title='bbox 1178 2155 1368 2195; x_wconf 88' lang='lat' dir='ltr'>indidem</span> <span class='ocrx_word' id='word_1_262' title='bbox 1389 2160 1493 2203; x_wconf 87' lang='lat' dir='ltr'>erat,</span> 
     </span>
     <span class='ocr_line' id='line_1_36' title="bbox 187 2213 1492 2266; baseline 0.001 -15"><span class='ocrx_word' id='word_1_263' title='bbox 187 2213 311 2265; x_wconf 78' lang='lat' dir='ltr'>longe</span> <span class='ocrx_word' id='word_1_264' title='bbox 333 2214 523 2252; x_wconf 88' lang='lat' dir='ltr'>omnium</span> <span class='ocrx_word' id='word_1_265' title='bbox 546 2213 853 2266; x_wconf 83' lang='lat' dir='ltr'>Campanorum</span> <span class='ocrx_word' id='word_1_266' title='bbox 874 2213 1126 2251; x_wconf 86' lang='lat' dir='ltr'>fortissimus</span> <span class='ocrx_word' id='word_1_267' title='bbox 1148 2226 1287 2265; x_wconf 89' lang='lat' dir='ltr'>eques,</span> <span class='ocrx_word' id='word_1_268' title='bbox 1307 2213 1412 2253; x_wconf 89' lang='lat' dir='ltr'>adeo</span> <span class='ocrx_word' id='word_1_269' title='bbox 1429 2217 1492 2262; x_wconf 85' lang='lat' dir='ltr'>ut,</span> 
     </span>
     <span class='ocr_line' id='line_1_37' title="bbox 187 2269 1494 2323; baseline 0.002 -15"><span class='ocrx_word' id='word_1_270' title='bbox 187 2284 317 2322; x_wconf 85' lang='lat' dir='ltr'>quum</span> <span class='ocrx_word' id='word_1_271' title='bbox 357 2271 467 2323; x_wconf 83' lang='lat' dir='ltr'>apud</span> <span class='ocrx_word' id='word_1_272' title='bbox 501 2271 710 2310; x_wconf 80' lang='lat' dir='ltr'>Romanos</span> <span class='ocrx_word' id='word_1_273' title='bbox 745 2270 965 2318; x_wconf 84' lang='lat' dir='ltr'>militaret,</span> <span class='ocrx_word' id='word_1_274' title='bbox 997 2283 1102 2309; x_wconf 92' lang='lat' dir='ltr'>unus</span> <span class='ocrx_word' id='word_1_275' title='bbox 1142 2283 1239 2309; x_wconf 87' lang='lat' dir='ltr'>eum</span> <span class='ocrx_word' id='word_1_276' title='bbox 1267 2269 1494 2318; x_wconf 89' lang='lat' dir='ltr'>Romanus,</span> 
     </span>
     <span class='ocr_line' id='line_1_38' title="bbox 188 2327 1494 2381; baseline 0.001 -15"><span class='ocrx_word' id='word_1_277' title='bbox 188 2327 386 2367; x_wconf 80' lang='lat' dir='ltr'>Claudius</span> <span class='ocrx_word' id='word_1_278' title='bbox 418 2327 593 2376; x_wconf 74' lang='lat' dir='ltr'>Asellus,</span> <span class='ocrx_word' id='word_1_279' title='bbox 629 2327 765 2381; x_wconf 64' lang='lat' dir='ltr'>gloria</span> <span class='ocrx_word' id='word_1_280' title='bbox 795 2328 977 2380; x_wconf 81' lang='lat' dir='ltr'>equestri</span> <span class='ocrx_word' id='word_1_281' title='bbox 1009 2331 1206 2380; x_wconf 81' lang='lat' dir='ltr'>aequaret.</span> <span class='ocrx_word' id='word_1_282' title='bbox 1273 2330 1335 2367; x_wconf 88' lang='lat'>13.</span> <span class='ocrx_word' id='word_1_283' title='bbox 1368 2327 1494 2367; x_wconf 91' lang='lat' dir='ltr'>Hunc</span> 
     </span>
     <span class='ocr_line' id='line_1_39' title="bbox 188 2383 1496 2438; baseline 0.002 -15"><span class='ocrx_word' id='word_1_284' title='bbox 188 2385 363 2433; x_wconf 60' lang='lat' dir='ltr'>(l&#39;aurea,</span> <span class='ocrx_word' id='word_1_285' title='bbox 385 2399 514 2437; x_wconf 86' lang='lat' dir='ltr'>quum</span> <span class='ocrx_word' id='word_1_286' title='bbox 535 2386 609 2424; x_wconf 86' lang='grc'>(1111</span> <span class='ocrx_word' id='word_1_287' title='bbox 640 2385 897 2438; x_wconf 85' lang='lat' dir='ltr'>perlustrans</span> <span class='ocrx_word' id='word_1_288' title='bbox 918 2385 1049 2424; x_wconf 85' lang='lat' dir='ltr'>oculis</span> <span class='ocrx_word' id='word_1_289' title='bbox 1069 2383 1355 2438; x_wconf 68' lang='lat' dir='ltr'>obequitasset</span> <span class='ocrx_word' id='word_1_290' title='bbox 1380 2385 1496 2425; x_wconf 80' lang='lat' dir='ltr'>host-</span> 
     </span>
     <span class='ocr_line' id='line_1_40' title="bbox 189 2442 1496 2491; baseline 0.001 -10"><span class='ocrx_word' id='word_1_291' title='bbox 189 2443 278 2481; x_wconf 88' lang='lat' dir='ltr'>ium</span> <span class='ocrx_word' id='word_1_292' title='bbox 312 2443 475 2491; x_wconf 84' lang='lat' dir='ltr'>turmis,</span> <span class='ocrx_word' id='word_1_293' title='bbox 496 2443 669 2482; x_wconf 87' lang='lat' dir='ltr'>tandem</span> <span class='ocrx_word' id='word_1_294' title='bbox 700 2442 872 2482; x_wconf 86' lang='lat' dir='ltr'>silentio</span> <span class='ocrx_word' id='word_1_295' title='bbox 906 2443 1031 2491; x_wconf 79' lang='lat' dir='ltr'>facto,</span> <span class='ocrx_word' id='word_1_296' title='bbox 1052 2442 1125 2482; x_wconf 91' lang='lat' dir='ltr'>ubi</span> <span class='ocrx_word' id='word_1_297' title='bbox 1157 2446 1265 2483; x_wconf 86' lang='lat' dir='ltr'>esset</span> <span class='ocrx_word' id='word_1_298' title='bbox 1295 2442 1496 2483; x_wconf 84' lang='lat' dir='ltr'>Claudius</span> 
     </span>
    </p>
   </div>
  </div>
 </body>
</html>
