<?xml version="1.0" encoding="UTF-8"?>
<!DOCTYPE html PUBLIC "-//W3C//DTD XHTML 1.0 Transitional//EN"
    "http://www.w3.org/TR/xhtml1/DTD/xhtml1-transitional.dtd">
<html xmlns="http://www.w3.org/1999/xhtml" xml:lang="en" lang="en">
 <head>
  <title>
</title>
<meta http-equiv="Content-Type" content="text/html;charset=utf-8" />
  <meta name='ocr-system' content='tesseract 3.04.00' />
  <meta name='ocr-capabilities' content='ocr_page ocr_carea ocr_par ocr_line ocrx_word'/>
</head>
<body>
  <div class='ocr_page' id='page_1' title='image "./bookxxiiiwithexp00livyuoft_0049.png"; bbox 0 0 1663 2718; ppageno 0'>
   <div class='ocr_carea' id='block_1_1' title="bbox 0 0 95 2718">
    <p class='ocr_par' dir='ltr' id='par_1_1' title="bbox 0 0 95 2718">
     <span class='ocr_line' id='line_1_1' title="bbox 0 0 95 2718; baseline 0 0"><span class='ocrx_word' id='word_1_1' title='bbox 0 0 95 2718; x_wconf 95' lang='lat' dir='ltr'> </span> 
     </span>
    </p>
   </div>
   <div class='ocr_carea' id='block_1_2' title="bbox 460 137 1498 176">
    <p class='ocr_par' dir='ltr' id='par_1_2' title="bbox 460 137 1498 176">
     <span class='ocr_line' id='line_1_2' title="bbox 460 137 1498 176; baseline 0.002 -2"><span class='ocrx_word' id='word_1_2' title='bbox 460 137 628 175; x_wconf 82' lang='lat' dir='ltr'><strong>LIBER</strong></span> <span class='ocrx_word' id='word_1_3' title='bbox 662 137 821 175; x_wconf 90' lang='lat' dir='ltr'>XXIII.</span> <span class='ocrx_word' id='word_1_4' title='bbox 879 137 994 176; x_wconf 80' lang='lat' dir='ltr'>CAI&#39;.</span> <span class='ocrx_word' id='word_1_5' title='bbox 1024 138 1222 175; x_wconf 79' lang='lat' dir='ltr'>XXVIII.</span> <span class='ocrx_word' id='word_1_6' title='bbox 1449 139 1498 176; x_wconf 88' lang='grc'>37</span> 
     </span>
    </p>
   </div>
   <div class='ocr_carea' id='block_1_3' title="bbox 163 247 1507 1677">
    <p class='ocr_par' dir='ltr' id='par_1_3' title="bbox 194 247 1504 874">
     <span class='ocr_line' id='line_1_3' title="bbox 197 247 1499 302; baseline 0.002 -16"><span class='ocrx_word' id='word_1_7' title='bbox 197 247 391 301; x_wconf 62' lang='lat' dir='ltr'>proelium</span> <span class='ocrx_word' id='word_1_8' title='bbox 413 251 553 287; x_wconf 91' lang='lat' dir='ltr'>ruunt.</span> <span class='ocrx_word' id='word_1_9' title='bbox 613 247 639 288; x_wconf 88' lang='lat' dir='ltr'>J</span> <span class='ocrx_word' id='word_1_10' title='bbox 643 261 710 287; x_wconf 91' lang='lat' dir='ltr'>am</span> <span class='ocrx_word' id='word_1_11' title='bbox 732 248 858 300; x_wconf 87' lang='lat' dir='ltr'>primi</span> <span class='ocrx_word' id='word_1_12' title='bbox 881 251 1175 287; x_wconf 79' lang='lat' dir='ltr'>conseruerant</span> <span class='ocrx_word' id='word_1_13' title='bbox 1190 250 1352 297; x_wconf 79' lang='lat' dir='ltr'>maniis,</span> <span class='ocrx_word' id='word_1_14' title='bbox 1368 263 1499 302; x_wconf 90' lang='lat' dir='ltr'>quum</span> 
     </span>
     <span class='ocr_line' id='line_1_4' title="bbox 194 304 1499 352; baseline 0.002 -8"><span class='ocrx_word' id='word_1_15' title='bbox 194 304 271 344; x_wconf 83' lang='lat' dir='ltr'>alii</span> <span class='ocrx_word' id='word_1_16' title='bbox 293 306 543 344; x_wconf 80' lang='lat' dir='ltr'>catervatim</span> <span class='ocrx_word' id='word_1_17' title='bbox 565 309 791 352; x_wconf 84' lang='lat' dir='ltr'>currerent,</span> <span class='ocrx_word' id='word_1_18' title='bbox 807 305 882 344; x_wconf 90' lang='lat' dir='ltr'>alii</span> <span class='ocrx_word' id='word_1_19' title='bbox 900 306 1086 344; x_wconf 82' lang='lat' dir='ltr'>nondum</span> <span class='ocrx_word' id='word_1_20' title='bbox 1102 319 1124 345; x_wconf 90' lang='lat' dir='ltr'>e</span> <span class='ocrx_word' id='word_1_21' title='bbox 1141 307 1288 345; x_wconf 83' lang='lat' dir='ltr'>castris</span> <span class='ocrx_word' id='word_1_22' title='bbox 1304 307 1499 347; x_wconf 75' lang='lat' dir='ltr'><strong>exissent.</strong></span> 
     </span>
     <span class='ocr_line' id='line_1_5' title="bbox 197 362 1500 415; baseline 0.002 -14"><span class='ocrx_word' id='word_1_23' title='bbox 197 363 237 402; x_wconf 78' lang='grc' dir='ltr'>ὃ.</span> <span class='ocrx_word' id='word_1_24' title='bbox 268 362 427 402; x_wconf 86' lang='lat' dir='ltr'>Tamen</span> <span class='ocrx_word' id='word_1_25' title='bbox 448 362 584 414; x_wconf 78' lang='lat' dir='ltr'>primo</span> <span class='ocrx_word' id='word_1_26' title='bbox 615 363 705 415; x_wconf 67' lang='lat' dir='ltr'>ipsa</span> <span class='ocrx_word' id='word_1_27' title='bbox 725 363 899 402; x_wconf 65' lang='lat' dir='ltr'>audacia</span> <span class='ocrx_word' id='word_1_28' title='bbox 924 366 1106 402; x_wconf 83' lang='lat' dir='ltr'>terruere</span> <span class='ocrx_word' id='word_1_29' title='bbox 1128 363 1316 411; x_wconf 84' lang='lat' dir='ltr'>hostem3</span> <span class='ocrx_word' id='word_1_30' title='bbox 1347 364 1500 404; x_wconf 83' lang='lat' dir='ltr'>deinde</span> 
     </span>
     <span class='ocr_line' id='line_1_6' title="bbox 195 419 1500 473; baseline 0.002 -14"><span class='ocrx_word' id='word_1_31' title='bbox 195 421 277 459; x_wconf 82' lang='lat' dir='ltr'>rari</span> <span class='ocrx_word' id='word_1_32' title='bbox 290 420 335 458; x_wconf 89' lang='lat' dir='ltr'>in</span> <span class='ocrx_word' id='word_1_33' title='bbox 349 419 554 458; x_wconf 89' lang='lat' dir='ltr'>confertos</span> <span class='ocrx_word' id='word_1_34' title='bbox 570 419 698 467; x_wconf 87' lang='lat' dir='ltr'>illati,</span> <span class='ocrx_word' id='word_1_35' title='bbox 714 421 751 460; x_wconf 88' lang='lat'>7.</span> <span class='ocrx_word' id='word_1_36' title='bbox 765 433 895 471; x_wconf 92' lang='lat' dir='ltr'>quum</span> <span class='ocrx_word' id='word_1_37' title='bbox 909 421 1097 472; x_wconf 78' lang='lat' dir='ltr'>paucitas</span> <span class='ocrx_word' id='word_1_38' title='bbox 1109 423 1258 473; x_wconf 74' lang='lat' dir='ltr'>parum</span> <span class='ocrx_word' id='word_1_39' title='bbox 1271 424 1365 460; x_wconf 88' lang='lat' dir='ltr'>tuta</span> <span class='ocrx_word' id='word_1_40' title='bbox 1378 426 1500 470; x_wconf 83' lang='lat' dir='ltr'>esset,</span> 
     </span>
     <span class='ocr_line' id='line_1_7' title="bbox 196 476 1501 529; baseline 0.002 -13"><span class='ocrx_word' id='word_1_41' title='bbox 196 477 400 529; x_wconf 84' lang='lat' dir='ltr'>respicere</span> <span class='ocrx_word' id='word_1_42' title='bbox 420 476 495 515; x_wconf 88' lang='lat' dir='ltr'>alii</span> <span class='ocrx_word' id='word_1_43' title='bbox 515 476 621 516; x_wconf 86' lang='lat' dir='ltr'>alios</span> <span class='ocrx_word' id='word_1_44' title='bbox 642 480 686 516; x_wconf 89' lang='lat' dir='ltr'>et</span> <span class='ocrx_word' id='word_1_45' title='bbox 706 478 892 529; x_wconf 87' lang='lat' dir='ltr'>undique</span> <span class='ocrx_word' id='word_1_46' title='bbox 914 477 1021 529; x_wconf 89' lang='lat' dir='ltr'>pulsi</span> <span class='ocrx_word' id='word_1_47' title='bbox 1045 479 1154 517; x_wconf 86' lang='lat' dir='ltr'>coire</span> <span class='ocrx_word' id='word_1_48' title='bbox 1176 479 1220 517; x_wconf 91' lang='lat' dir='ltr'>in</span> <span class='ocrx_word' id='word_1_49' title='bbox 1242 478 1383 518; x_wconf 89' lang='lat' dir='ltr'>orbem</span> <span class='ocrx_word' id='word_1_50' title='bbox 1401 492 1412 526; x_wconf 90' lang='lat'>;</span> <span class='ocrx_word' id='word_1_51' title='bbox 1442 482 1501 527; x_wconf 87' lang='lat' dir='ltr'>et,</span> 
     </span>
     <span class='ocr_line' id='line_1_8' title="bbox 196 534 1500 588; baseline 0 -15"><span class='ocrx_word' id='word_1_52' title='bbox 196 534 299 573; x_wconf 91' lang='lat' dir='ltr'>dum</span> <span class='ocrx_word' id='word_1_53' title='bbox 320 546 492 586; x_wconf 85' lang='lat' dir='ltr'>corpora</span> <span class='ocrx_word' id='word_1_54' title='bbox 512 534 752 587; x_wconf 84' lang='lat' dir='ltr'><strong>corporibus</strong></span> <span class='ocrx_word' id='word_1_55' title='bbox 773 534 990 586; x_wconf 89' lang='lat' dir='ltr'>applicant</span> <span class='ocrx_word' id='word_1_56' title='bbox 1010 548 1206 587; x_wconf 84' lang='lat' dir='ltr'>armaque</span> <span class='ocrx_word' id='word_1_57' title='bbox 1227 536 1354 574; x_wconf 91' lang='lat' dir='ltr'>armis</span> <span class='ocrx_word' id='word_1_58' title='bbox 1369 535 1500 588; x_wconf 84' lang='lat' dir='ltr'>jung-</span> 
     </span>
     <span class='ocr_line' id='line_1_9' title="bbox 197 591 1503 644; baseline 0.001 -14"><span class='ocrx_word' id='word_1_59' title='bbox 197 593 289 640; x_wconf 88' lang='lat' dir='ltr'>unt,</span> <span class='ocrx_word' id='word_1_60' title='bbox 305 591 350 630; x_wconf 91' lang='lat' dir='ltr'>in</span> <span class='ocrx_word' id='word_1_61' title='bbox 366 595 507 630; x_wconf 86' lang='lat' dir='ltr'>artum</span> <span class='ocrx_word' id='word_1_62' title='bbox 528 591 749 644; x_wconf 86' lang='lat' dir='ltr'>compulsi,</span> <span class='ocrx_word' id='word_1_63' title='bbox 765 605 909 644; x_wconf 88' lang='lat' dir='ltr'>quum,</span> <span class='ocrx_word' id='word_1_64' title='bbox 923 592 994 630; x_wconf 74' lang='lat' dir='ltr'>vix</span> <span class='ocrx_word' id='word_1_65' title='bbox 1015 593 1231 632; x_wconf 74' lang='lat' dir='ltr'>movendis</span> <span class='ocrx_word' id='word_1_66' title='bbox 1252 593 1379 632; x_wconf 88' lang='lat' dir='ltr'>armis</span> <span class='ocrx_word' id='word_1_67' title='bbox 1400 594 1503 632; x_wconf 86' lang='lat' dir='ltr'>satis</span> 
     </span>
     <span class='ocr_line' id='line_1_10' title="bbox 197 649 1503 701; baseline 0 -13"><span class='ocrx_word' id='word_1_68' title='bbox 197 649 326 701; x_wconf 87' lang='lat' dir='ltr'>spatii</span> <span class='ocrx_word' id='word_1_69' title='bbox 346 652 466 697; x_wconf 85' lang='lat' dir='ltr'>esset,</span> <span class='ocrx_word' id='word_1_70' title='bbox 488 654 639 688; x_wconf 67' lang='lat' dir='ltr'>coron-5</span> <span class='ocrx_word' id='word_1_71' title='bbox 654 649 840 688; x_wconf 89' lang='lat' dir='ltr'>hostium</span> <span class='ocrx_word' id='word_1_72' title='bbox 861 650 990 688; x_wconf 87' lang='lat' dir='ltr'>cincti</span> <span class='ocrx_word' id='word_1_73' title='bbox 1008 650 1060 689; x_wconf 90' lang='lat' dir='ltr'>ad</span> <span class='ocrx_word' id='word_1_74' title='bbox 1083 649 1267 689; x_wconf 87' lang='lat' dir='ltr'>multum</span> <span class='ocrx_word' id='word_1_75' title='bbox 1288 650 1373 689; x_wconf 89' lang='lat' dir='ltr'>diei</span> <span class='ocrx_word' id='word_1_76' title='bbox 1395 649 1503 689; x_wconf 81' lang='lat' dir='ltr'>caed-</span> 
     </span>
     <span class='ocr_line' id='line_1_11' title="bbox 198 707 1503 759; baseline 0.001 -14"><span class='ocrx_word' id='word_1_77' title='bbox 198 709 326 745; x_wconf 90' lang='lat' dir='ltr'>untur</span> <span class='ocrx_word' id='word_1_78' title='bbox 344 720 355 755; x_wconf 85' lang='lat'>3</span> <span class='ocrx_word' id='word_1_79' title='bbox 387 708 425 746; x_wconf 88' lang='lat'>8.</span> <span class='ocrx_word' id='word_1_80' title='bbox 448 707 600 759; x_wconf 80' lang='lat' dir='ltr'>exigua</span> <span class='ocrx_word' id='word_1_81' title='bbox 616 720 724 759; x_wconf 91' lang='lat' dir='ltr'>pars,</span> <span class='ocrx_word' id='word_1_82' title='bbox 745 707 965 759; x_wconf 90' lang='lat' dir='ltr'>eruptione</span> <span class='ocrx_word' id='word_1_83' title='bbox 987 707 1110 754; x_wconf 68' lang='lat' dir='ltr'>facta,</span> <span class='ocrx_word' id='word_1_84' title='bbox 1132 707 1256 746; x_wconf 76' lang='lat' dir='ltr'>silvas</span> <span class='ocrx_word' id='word_1_85' title='bbox 1270 720 1317 746; x_wconf 91' lang='lat' dir='ltr'>ac</span> <span class='ocrx_word' id='word_1_86' title='bbox 1338 710 1503 746; x_wconf 90' lang='lat' dir='ltr'>montes</span> 
     </span>
     <span class='ocr_line' id='line_1_12' title="bbox 198 763 1504 816; baseline 0 -13"><span class='ocrx_word' id='word_1_87' title='bbox 198 764 321 816; x_wconf 88' lang='lat' dir='ltr'>petit.</span> <span class='ocrx_word' id='word_1_88' title='bbox 370 763 552 816; x_wconf 91' lang='lat' dir='ltr'>Parique</span> <span class='ocrx_word' id='word_1_89' title='bbox 569 767 725 803; x_wconf 89' lang='lat' dir='ltr'>terrore</span> <span class='ocrx_word' id='word_1_90' title='bbox 740 767 783 803; x_wconf 87' lang='lat' dir='ltr'>et</span> <span class='ocrx_word' id='word_1_91' title='bbox 797 768 928 803; x_wconf 84' lang='lat' dir='ltr'>castra</span> <span class='ocrx_word' id='word_1_92' title='bbox 943 768 1037 803; x_wconf 87' lang='lat' dir='ltr'>sunt</span> <span class='ocrx_word' id='word_1_93' title='bbox 1054 765 1231 813; x_wconf 78' lang='lat' dir='ltr'>deserta,</span> <span class='ocrx_word' id='word_1_94' title='bbox 1249 768 1292 803; x_wconf 79' lang='lat' dir='ltr'>ct</span> <span class='ocrx_word' id='word_1_95' title='bbox 1308 765 1504 803; x_wconf 83' lang='lat' dir='ltr'>universa.</span> 
     </span>
     <span class='ocr_line' id='line_1_13' title="bbox 198 821 1078 874; baseline 0 -14"><span class='ocrx_word' id='word_1_96' title='bbox 198 833 300 874; x_wconf 88' lang='lat' dir='ltr'>gens</span> <span class='ocrx_word' id='word_1_97' title='bbox 321 824 486 874; x_wconf 86' lang='lat' dir='ltr'>postero</span> <span class='ocrx_word' id='word_1_98' title='bbox 507 821 576 861; x_wconf 89' lang='lat' dir='ltr'>die</span> <span class='ocrx_word' id='word_1_99' title='bbox 598 822 643 860; x_wconf 89' lang='lat' dir='ltr'>in</span> <span class='ocrx_word' id='word_1_100' title='bbox 665 822 924 861; x_wconf 86' lang='lat' dir='ltr'>deditionem</span> <span class='ocrx_word' id='word_1_101' title='bbox 947 823 1078 861; x_wconf 77' lang='lat' dir='ltr'>venit.</span> 
     </span>
    </p>

    <p class='ocr_par' dir='ltr' id='par_1_4' title="bbox 163 877 1507 1677">
     <span class='ocr_line' id='line_1_14' title="bbox 163 877 1504 931; baseline 0.001 -14"><span class='ocrx_word' id='word_1_102' title='bbox 163 881 166 884; x_wconf 85' lang='lat'>&#39;</span> <span class='ocrx_word' id='word_1_103' title='bbox 259 879 296 917; x_wconf 89' lang='grc'>9.</span> <span class='ocrx_word' id='word_1_104' title='bbox 328 877 417 917; x_wconf 89' lang='lat' dir='ltr'>Nec</span> <span class='ocrx_word' id='word_1_105' title='bbox 450 879 524 917; x_wconf 91' lang='lat' dir='ltr'>diu</span> <span class='ocrx_word' id='word_1_106' title='bbox 559 879 605 917; x_wconf 88' lang='lat' dir='ltr'>in</span> <span class='ocrx_word' id='word_1_107' title='bbox 639 882 762 931; x_wconf 87' lang='lat' dir='ltr'>pacto</span> <span class='ocrx_word' id='word_1_108' title='bbox 797 880 977 917; x_wconf 87' lang='lat' dir='ltr'>mansit:</span> <span class='ocrx_word' id='word_1_109' title='bbox 1009 892 1107 918; x_wconf 86' lang='lat' dir='ltr'>nam</span> <span class='ocrx_word' id='word_1_110' title='bbox 1130 879 1306 918; x_wconf 80' lang='lat' dir='ltr'>subinde</span> <span class='ocrx_word' id='word_1_111' title='bbox 1331 879 1384 918; x_wconf 88' lang='lat' dir='ltr'>ab</span> <span class='ocrx_word' id='word_1_112' title='bbox 1406 878 1504 919; x_wconf 91' lang='lat' dir='ltr'>Car-</span> 
     </span>
     <span class='ocr_line' id='line_1_15' title="bbox 197 935 1504 988; baseline 0.002 -15"><span class='ocrx_word' id='word_1_113' title='bbox 197 935 372 987; x_wconf 87' lang='lat' dir='ltr'>thagine</span> <span class='ocrx_word' id='word_1_114' title='bbox 386 935 563 974; x_wconf 88' lang='lat' dir='ltr'>allatum</span> <span class='ocrx_word' id='word_1_115' title='bbox 580 939 657 983; x_wconf 87' lang='lat' dir='ltr'>est,</span> <span class='ocrx_word' id='word_1_116' title='bbox 671 939 720 974; x_wconf 90' lang='lat' dir='ltr'>ut</span> <span class='ocrx_word' id='word_1_117' title='bbox 733 935 970 975; x_wconf 76' lang='lat' dir='ltr'>Hasdrubal</span> <span class='ocrx_word' id='word_1_118' title='bbox 985 937 1120 987; x_wconf 89' lang='lat' dir='ltr'>primo</span> <span class='ocrx_word' id='word_1_119' title='bbox 1137 949 1300 988; x_wconf 87' lang='lat' dir='ltr'>quoque</span> <span class='ocrx_word' id='word_1_120' title='bbox 1314 940 1504 988; x_wconf 85' lang='lat' dir='ltr'>tempore</span> 
     </span>
     <span class='ocr_line' id='line_1_16' title="bbox 198 991 1505 1045; baseline 0 -14"><span class='ocrx_word' id='word_1_121' title='bbox 198 993 244 1031; x_wconf 87' lang='lat' dir='ltr'>in</span> <span class='ocrx_word' id='word_1_122' title='bbox 259 991 432 1032; x_wconf 88' lang='lat' dir='ltr'>Italiam</span> <span class='ocrx_word' id='word_1_123' title='bbox 452 994 683 1032; x_wconf 78' lang='lat' dir='ltr'>exereitum</span> <span class='ocrx_word' id='word_1_124' title='bbox 705 993 888 1032; x_wconf 88' lang='lat' dir='ltr'>duceret.</span> <span class='ocrx_word' id='word_1_125' title='bbox 927 992 1026 1039; x_wconf 83' lang='lat' dir='ltr'>Quae</span> <span class='ocrx_word' id='word_1_126' title='bbox 1041 993 1209 1043; x_wconf 67' lang='lat' dir='ltr'>volgata</span> <span class='ocrx_word' id='word_1_127' title='bbox 1230 1006 1293 1032; x_wconf 87' lang='lat' dir='ltr'>res</span> <span class='ocrx_word' id='word_1_128' title='bbox 1309 1006 1383 1045; x_wconf 89' lang='lat' dir='ltr'>per</span> <span class='ocrx_word' id='word_1_129' title='bbox 1405 993 1505 1032; x_wconf 89' lang='lat' dir='ltr'>His-</span> 
     </span>
     <span class='ocr_line' id='line_1_17' title="bbox 199 1050 1503 1102; baseline -0.001 -13"><span class='ocrx_word' id='word_1_130' title='bbox 199 1050 370 1102; x_wconf 85' lang='lat' dir='ltr'>paniam</span> <span class='ocrx_word' id='word_1_131' title='bbox 403 1051 594 1089; x_wconf 89' lang='lat' dir='ltr'>omnium</span> <span class='ocrx_word' id='word_1_132' title='bbox 629 1050 759 1089; x_wconf 87' lang='lat' dir='ltr'>ferme</span> <span class='ocrx_word' id='word_1_133' title='bbox 795 1050 956 1089; x_wconf 89' lang='lat' dir='ltr'>animos</span> <span class='ocrx_word' id='word_1_134' title='bbox 999 1050 1051 1089; x_wconf 88' lang='lat' dir='ltr'>ad</span> <span class='ocrx_word' id='word_1_135' title='bbox 1091 1050 1301 1089; x_wconf 86' lang='lat' dir='ltr'>Romanos</span> <span class='ocrx_word' id='word_1_136' title='bbox 1333 1051 1503 1089; x_wconf 86' lang='lat' dir='ltr'>avertit.</span> 
     </span>
     <span class='ocr_line' id='line_1_18' title="bbox 204 1106 1505 1159; baseline -0.001 -13"><span class='ocrx_word' id='word_1_137' title='bbox 204 1110 268 1146; x_wconf 91' lang='lat'>10.</span> <span class='ocrx_word' id='word_1_138' title='bbox 301 1107 451 1159; x_wconf 85' lang='lat' dir='ltr'>Itaque</span> <span class='ocrx_word' id='word_1_139' title='bbox 486 1107 726 1147; x_wconf 85' lang='lat' dir='ltr'>Hasdrubal</span> <span class='ocrx_word' id='word_1_140' title='bbox 767 1106 978 1159; x_wconf 78' lang='lat' dir='ltr'>extemplo</span> <span class='ocrx_word' id='word_1_141' title='bbox 1019 1107 1162 1147; x_wconf 85' lang='lat' dir='ltr'>literas</span> <span class='ocrx_word' id='word_1_142' title='bbox 1204 1107 1505 1159; x_wconf 77' lang='lat' dir='ltr'>Carthaginem</span> 
     </span>
     <span class='ocr_line' id='line_1_19' title="bbox 199 1165 1504 1217; baseline 0 -14"><span class='ocrx_word' id='word_1_143' title='bbox 199 1165 340 1203; x_wconf 86' lang='lat' dir='ltr'>mittit</span> <span class='ocrx_word' id='word_1_144' title='bbox 373 1165 578 1212; x_wconf 88' lang='lat' dir='ltr'>indicans,</span> <span class='ocrx_word' id='word_1_145' title='bbox 600 1169 759 1217; x_wconf 90' lang='lat' dir='ltr'>quanto</span> <span class='ocrx_word' id='word_1_146' title='bbox 792 1165 904 1203; x_wconf 87' lang='lat' dir='ltr'>fama</span> <span class='ocrx_word' id='word_1_147' title='bbox 932 1165 1205 1216; x_wconf 86' lang='lat' dir='ltr'>profectionis</span> <span class='ocrx_word' id='word_1_148' title='bbox 1238 1178 1321 1204; x_wconf 82' lang='lat' dir='ltr'>suae</span> <span class='ocrx_word' id='word_1_149' title='bbox 1352 1165 1504 1204; x_wconf 90' lang='lat' dir='ltr'>damno</span> 
     </span>
     <span class='ocr_line' id='line_1_20' title="bbox 199 1221 1505 1274; baseline -0.001 -13"><span class='ocrx_word' id='word_1_150' title='bbox 199 1222 358 1261; x_wconf 82' lang='lat' dir='ltr'>fuisset.</span> <span class='ocrx_word' id='word_1_151' title='bbox 426 1221 471 1261; x_wconf 85' lang='lat' dir='ltr'>Si</span> <span class='ocrx_word' id='word_1_152' title='bbox 512 1235 609 1261; x_wconf 75' lang='lat' dir='ltr'>vero</span> <span class='ocrx_word' id='word_1_153' title='bbox 649 1222 748 1261; x_wconf 89' lang='lat' dir='ltr'>inde</span> <span class='ocrx_word' id='word_1_154' title='bbox 798 1225 1004 1273; x_wconf 78' lang='lat' dir='ltr'>pergeret,</span> <span class='ocrx_word' id='word_1_155' title='bbox 1045 1223 1288 1274; x_wconf 83' lang='lat' dir='ltr'>priusquam</span> <span class='ocrx_word' id='word_1_156' title='bbox 1334 1222 1505 1261; x_wconf 90' lang='lat' dir='ltr'>Iberum</span> 
     </span>
     <span class='ocr_line' id='line_1_21' title="bbox 200 1279 1507 1332; baseline 0 -15"><span class='ocrx_word' id='word_1_157' title='bbox 200 1279 411 1327; x_wconf 79' lang='lat' dir='ltr'>transiret,</span> <span class='ocrx_word' id='word_1_158' title='bbox 433 1279 719 1318; x_wconf 87' lang='lat' dir='ltr'>Romanorum</span> <span class='ocrx_word' id='word_1_159' title='bbox 755 1279 1007 1331; x_wconf 83' lang='lat' dir='ltr'>Hispaniam</span> <span class='ocrx_word' id='word_1_160' title='bbox 1030 1280 1117 1318; x_wconf 87' lang='lat' dir='ltr'>fore</span> <span class='ocrx_word' id='word_1_161' title='bbox 1137 1294 1146 1318; x_wconf 74' lang='grc' dir='ltr'><strong><em>ε</em></strong></span> <span class='ocrx_word' id='word_1_162' title='bbox 1183 1281 1248 1318; x_wconf 89' lang='grc'>11.</span> <span class='ocrx_word' id='word_1_163' title='bbox 1280 1292 1380 1318; x_wconf 91' lang='lat' dir='ltr'>nam</span> <span class='ocrx_word' id='word_1_164' title='bbox 1401 1292 1507 1332; x_wconf 84' lang='lat' dir='ltr'>prae-</span> 
     </span>
     <span class='ocr_line' id='line_1_22' title="bbox 199 1336 1506 1389; baseline -0.001 -14"><span class='ocrx_word' id='word_1_165' title='bbox 199 1339 395 1389; x_wconf 90' lang='lat' dir='ltr'>terquam</span> <span class='ocrx_word' id='word_1_166' title='bbox 416 1337 528 1389; x_wconf 77' lang='lat' dir='ltr'>quod</span> <span class='ocrx_word' id='word_1_167' title='bbox 549 1350 627 1375; x_wconf 87' lang='lat' dir='ltr'>nec</span> <span class='ocrx_word' id='word_1_168' title='bbox 648 1337 893 1389; x_wconf 78' lang='lat' dir='ltr'>praesidium</span> <span class='ocrx_word' id='word_1_169' title='bbox 914 1349 989 1375; x_wconf 86' lang='lat' dir='ltr'>nec</span> <span class='ocrx_word' id='word_1_170' title='bbox 1005 1336 1154 1375; x_wconf 86' lang='lat' dir='ltr'>ducem</span> <span class='ocrx_word' id='word_1_171' title='bbox 1175 1337 1364 1384; x_wconf 88' lang='lat' dir='ltr'>haberet,</span> <span class='ocrx_word' id='word_1_172' title='bbox 1378 1349 1506 1388; x_wconf 88' lang='lat' dir='ltr'>quem</span> 
     </span>
     <span class='ocr_line' id='line_1_23' title="bbox 198 1393 1506 1446; baseline -0.001 -14"><span class='ocrx_word' id='word_1_173' title='bbox 198 1393 458 1446; x_wconf 89' lang='lat' dir='ltr'>relinqueret</span> <span class='ocrx_word' id='word_1_174' title='bbox 471 1407 544 1446; x_wconf 94' lang='lat' dir='ltr'>pro</span> <span class='ocrx_word' id='word_1_175' title='bbox 563 1407 618 1442; x_wconf 88' lang='lat' dir='ltr'>se,</span> <span class='ocrx_word' id='word_1_176' title='bbox 636 1407 706 1433; x_wconf 91' lang='lat' dir='ltr'>eos</span> <span class='ocrx_word' id='word_1_177' title='bbox 720 1395 994 1446; x_wconf 84' lang='lat' dir='ltr'>imperatores</span> <span class='ocrx_word' id='word_1_178' title='bbox 1016 1407 1102 1433; x_wconf 85' lang='lat' dir='ltr'>esse</span> <span class='ocrx_word' id='word_1_179' title='bbox 1116 1394 1339 1440; x_wconf 88' lang='lat' dir='ltr'>Romanos,</span> <span class='ocrx_word' id='word_1_180' title='bbox 1353 1393 1506 1445; x_wconf 89' lang='lat' dir='ltr'>quibus</span> 
     </span>
     <span class='ocr_line' id='line_1_24' title="bbox 198 1450 1507 1504; baseline -0.001 -14"><span class='ocrx_word' id='word_1_181' title='bbox 198 1452 270 1490; x_wconf 85' lang='lat' dir='ltr'>vix</span> <span class='ocrx_word' id='word_1_182' title='bbox 291 1451 422 1504; x_wconf 83' lang='lat' dir='ltr'>aequis</span> <span class='ocrx_word' id='word_1_183' title='bbox 442 1451 602 1490; x_wconf 80' lang='lat' dir='ltr'>viribus</span> <span class='ocrx_word' id='word_1_184' title='bbox 623 1452 761 1490; x_wconf 88' lang='lat' dir='ltr'>resisti</span> <span class='ocrx_word' id='word_1_185' title='bbox 782 1451 915 1504; x_wconf 85' lang='lat' dir='ltr'>possit</span> <span class='ocrx_word' id='word_1_186' title='bbox 933 1465 941 1489; x_wconf 92' lang='lat'>:</span> <span class='ocrx_word' id='word_1_187' title='bbox 979 1453 1043 1490; x_wconf 82' lang='lat'>12.</span> <span class='ocrx_word' id='word_1_188' title='bbox 1076 1452 1219 1503; x_wconf 86' lang='lat' dir='ltr'>itaque</span> <span class='ocrx_word' id='word_1_189' title='bbox 1241 1451 1275 1489; x_wconf 89' lang='lat' dir='ltr'>si</span> <span class='ocrx_word' id='word_1_190' title='bbox 1298 1450 1386 1489; x_wconf 87' lang='lat' dir='ltr'>ulla</span> <span class='ocrx_word' id='word_1_191' title='bbox 1407 1450 1507 1488; x_wconf 91' lang='lat' dir='ltr'>His-</span> 
     </span>
     <span class='ocr_line' id='line_1_25' title="bbox 198 1508 1507 1562; baseline -0.002 -14"><span class='ocrx_word' id='word_1_192' title='bbox 198 1509 335 1562; x_wconf 87' lang='lat' dir='ltr'>paniae</span> <span class='ocrx_word' id='word_1_193' title='bbox 357 1521 454 1548; x_wconf 88' lang='lat' dir='ltr'>cura</span> <span class='ocrx_word' id='word_1_194' title='bbox 475 1512 597 1557; x_wconf 89' lang='lat' dir='ltr'>esset,</span> <span class='ocrx_word' id='word_1_195' title='bbox 619 1521 896 1548; x_wconf 84' lang='lat' dir='ltr'>successorem</span> <span class='ocrx_word' id='word_1_196' title='bbox 927 1508 1007 1547; x_wconf 89' lang='lat' dir='ltr'>sibi</span> <span class='ocrx_word' id='word_1_197' title='bbox 1030 1522 1125 1548; x_wconf 86' lang='lat' dir='ltr'>cum</span> <span class='ocrx_word' id='word_1_198' title='bbox 1147 1508 1288 1548; x_wconf 71' lang='lat' dir='ltr'>valido</span> <span class='ocrx_word' id='word_1_199' title='bbox 1320 1508 1507 1546; x_wconf 81' lang='lat' dir='ltr'>exercitu</span> 
     </span>
     <span class='ocr_line' id='line_1_26' title="bbox 198 1566 1507 1619; baseline -0.003 -13"><span class='ocrx_word' id='word_1_200' title='bbox 198 1566 435 1614; x_wconf 81' lang='lat' dir='ltr'>mitterent,</span> <span class='ocrx_word' id='word_1_201' title='bbox 457 1566 526 1605; x_wconf 90' lang='lat' dir='ltr'>cui</span> <span class='ocrx_word' id='word_1_202' title='bbox 547 1568 596 1605; x_wconf 92' lang='lat' dir='ltr'>ut</span> <span class='ocrx_word' id='word_1_203' title='bbox 616 1567 759 1606; x_wconf 90' lang='lat' dir='ltr'>omnia</span> <span class='ocrx_word' id='word_1_204' title='bbox 779 1579 973 1619; x_wconf 85' lang='lat' dir='ltr'>prospere</span> <span class='ocrx_word' id='word_1_205' title='bbox 995 1567 1228 1612; x_wconf 78' lang='lat' dir='ltr'>evenirent,</span> <span class='ocrx_word' id='word_1_206' title='bbox 1257 1578 1341 1604; x_wconf 91' lang='lat' dir='ltr'>non</span> <span class='ocrx_word' id='word_1_207' title='bbox 1363 1569 1507 1604; x_wconf 83' lang='lat' dir='ltr'>tamen</span> 
     </span>
     <span class='ocr_line' id='line_1_27' title="bbox 198 1623 781 1677; baseline -0.002 -14"><span class='ocrx_word' id='word_1_208' title='bbox 198 1624 376 1663; x_wconf 89' lang='lat' dir='ltr'>otiosam</span> <span class='ocrx_word' id='word_1_209' title='bbox 397 1623 661 1677; x_wconf 87' lang='lat' dir='ltr'>provinciam</span> <span class='ocrx_word' id='word_1_210' title='bbox 681 1624 781 1663; x_wconf 86' lang='lat' dir='ltr'>fore.</span> 
     </span>
    </p>
   </div>
   <div class='ocr_carea' id='block_1_4' title="bbox 599 1854 1103 1896">
    <p class='ocr_par' dir='ltr' id='par_1_5' title="bbox 599 1854 1103 1896">
     <span class='ocr_line' id='line_1_28' title="bbox 599 1854 1103 1896; baseline -0.002 -1"><span class='ocrx_word' id='word_1_211' title='bbox 599 1854 864 1896; x_wconf 81' lang='lat' dir='ltr'>CHAPTER</span> <span class='ocrx_word' id='word_1_212' title='bbox 894 1855 1103 1894; x_wconf 72' lang='lat' dir='ltr'>XXVIII.</span> 
     </span>
    </p>
   </div>
   <div class='ocr_carea' id='block_1_5' title="bbox 198 1942 1508 2113">
    <p class='ocr_par' dir='ltr' id='par_1_6' title="bbox 198 1942 1508 2113">
     <span class='ocr_line' id='line_1_29' title="bbox 198 1942 1508 1984; baseline -0.002 -8"><span class='ocrx_word' id='word_1_213' title='bbox 198 1944 301 1976; x_wconf 78' lang='lat' dir='ltr'>Effect</span> <span class='ocrx_word' id='word_1_214' title='bbox 316 1944 352 1976; x_wconf 81' lang='lat' dir='ltr'>of</span> <span class='ocrx_word' id='word_1_215' title='bbox 364 1942 580 1976; x_wconf 79' lang='lat' dir='ltr'>Hasdrubal&#39;s</span> <span class='ocrx_word' id='word_1_216' title='bbox 595 1943 707 1975; x_wconf 75' lang='lat' dir='ltr'>Lettcr</span> <span class='ocrx_word' id='word_1_217' title='bbox 721 1955 761 1974; x_wconf 90' lang='lat' dir='ltr'>on</span> <span class='ocrx_word' id='word_1_218' title='bbox 779 1944 832 1975; x_wconf 74' lang='lat' dir='ltr'>the</span> <span class='ocrx_word' id='word_1_219' title='bbox 849 1943 1080 1984; x_wconf 76' lang='lat' dir='ltr'>Carthaginian</span> <span class='ocrx_word' id='word_1_220' title='bbox 1098 1944 1223 1975; x_wconf 70' lang='lat' dir='ltr'>Senate.</span> <span class='ocrx_word' id='word_1_221' title='bbox 1269 1943 1412 1975; x_wconf 86' lang='lat' dir='ltr'>Himilco</span> <span class='ocrx_word' id='word_1_222' title='bbox 1435 1947 1508 1975; x_wconf 84' lang='lat' dir='ltr'>scut</span> 
     </span>
     <span class='ocr_line' id='line_1_30' title="bbox 241 1986 1507 2028; baseline -0.002 -9"><span class='ocrx_word' id='word_1_223' title='bbox 241 1987 310 2019; x_wconf 73' lang='lat' dir='ltr'>into</span> <span class='ocrx_word' id='word_1_224' title='bbox 336 1987 446 2028; x_wconf 86' lang='lat' dir='ltr'>Spain.</span> <span class='ocrx_word' id='word_1_225' title='bbox 491 1986 683 2019; x_wconf 78' lang='lat' dir='ltr'>Hasdrubal</span> <span class='ocrx_word' id='word_1_226' title='bbox 706 1987 857 2028; x_wconf 81' lang='lat' dir='ltr'>proceeds</span> <span class='ocrx_word' id='word_1_227' title='bbox 873 1992 906 2018; x_wconf 89' lang='lat' dir='ltr'>to</span> <span class='ocrx_word' id='word_1_228' title='bbox 922 1987 976 2017; x_wconf 84' lang='lat' dir='ltr'>the</span> <span class='ocrx_word' id='word_1_229' title='bbox 1003 1987 1127 2018; x_wconf 85' lang='lat' dir='ltr'>Iberus.</span> <span class='ocrx_word' id='word_1_230' title='bbox 1173 1987 1240 2017; x_wconf 79' lang='lat' dir='ltr'>The</span> <span class='ocrx_word' id='word_1_231' title='bbox 1263 1986 1389 2017; x_wconf 87' lang='lat' dir='ltr'>Roman</span> <span class='ocrx_word' id='word_1_232' title='bbox 1414 1987 1507 2017; x_wconf 82' lang='lat' dir='ltr'>Corn-</span> 
     </span>
     <span class='ocr_line' id='line_1_31' title="bbox 240 2029 1506 2070; baseline -0.002 -8"><span class='ocrx_word' id='word_1_233' title='bbox 240 2030 391 2062; x_wconf 83' lang='lat' dir='ltr'>manders</span> <span class='ocrx_word' id='word_1_234' title='bbox 410 2029 501 2062; x_wconf 78' lang='lat' dir='ltr'>unite</span> <span class='ocrx_word' id='word_1_235' title='bbox 522 2029 608 2061; x_wconf 83' lang='lat' dir='ltr'>their</span> <span class='ocrx_word' id='word_1_236' title='bbox 630 2029 748 2061; x_wconf 82' lang='lat' dir='ltr'>Forces</span> <span class='ocrx_word' id='word_1_237' title='bbox 764 2041 804 2061; x_wconf 92' lang='lat' dir='ltr'>on</span> <span class='ocrx_word' id='word_1_238' title='bbox 832 2030 886 2061; x_wconf 84' lang='lat' dir='ltr'>the</span> <span class='ocrx_word' id='word_1_239' title='bbox 902 2030 1028 2061; x_wconf 83' lang='lat' dir='ltr'>Iberus.</span> <span class='ocrx_word' id='word_1_240' title='bbox 1073 2030 1259 2061; x_wconf 81' lang='lat' dir='ltr'>Dcterminc</span> <span class='ocrx_word' id='word_1_241' title='bbox 1285 2034 1318 2060; x_wconf 88' lang='lat' dir='ltr'>to</span> <span class='ocrx_word' id='word_1_242' title='bbox 1335 2029 1389 2070; x_wconf 82' lang='lat' dir='ltr'>lay</span> <span class='ocrx_word' id='word_1_243' title='bbox 1415 2029 1506 2069; x_wconf 82' lang='lat' dir='ltr'>Sicge</span> 
     </span>
     <span class='ocr_line' id='line_1_32' title="bbox 241 2072 1506 2113; baseline -0.001 -8"><span class='ocrx_word' id='word_1_244' title='bbox 241 2078 275 2105; x_wconf 89' lang='lat' dir='ltr'>to</span> <span class='ocrx_word' id='word_1_245' title='bbox 302 2073 408 2105; x_wconf 81' lang='lat' dir='ltr'>lbera.</span> <span class='ocrx_word' id='word_1_246' title='bbox 453 2072 671 2104; x_wconf 85' lang='lat' dir='ltr'>Hasdrubal&#39;s</span> <span class='ocrx_word' id='word_1_247' title='bbox 698 2072 816 2104; x_wconf 78' lang='lat' dir='ltr'>Device</span> <span class='ocrx_word' id='word_1_248' title='bbox 843 2078 876 2104; x_wconf 76' lang='lat' dir='ltr'>m</span> <span class='ocrx_word' id='word_1_249' title='bbox 901 2073 989 2104; x_wconf 84' lang='lat' dir='ltr'>draw</span> <span class='ocrx_word' id='word_1_250' title='bbox 1015 2073 1102 2104; x_wconf 83' lang='lat' dir='ltr'>them</span> <span class='ocrx_word' id='word_1_251' title='bbox 1128 2074 1209 2103; x_wconf 83' lang='lat' dir='ltr'>from</span> <span class='ocrx_word' id='word_1_252' title='bbox 1235 2072 1320 2103; x_wconf 65' lang='lat' dir='ltr'>their</span> <span class='ocrx_word' id='word_1_253' title='bbox 1350 2072 1506 2113; x_wconf 83' lang='lat' dir='ltr'>Purpose.</span> 
     </span>
    </p>
   </div>
   <div class='ocr_carea' id='block_1_6' title="bbox 241 2115 1505 2191">
    <p class='ocr_par' dir='ltr' id='par_1_7' title="bbox 241 2115 1505 2191">
     <span class='ocr_line' id='line_1_33' title="bbox 241 2115 1505 2191; baseline -0.001 -44"><span class='ocrx_word' id='word_1_254' title='bbox 241 2117 334 2191; x_wconf 64' lang='grc' dir='ltr'>ἓίῙεὸἕο</span> <span class='ocrx_word' id='word_1_255' title='bbox 354 2115 556 2148; x_wconf 82' lang='lat' dir='ltr'>abandoned.</span> <span class='ocrx_word' id='word_1_256' title='bbox 617 2115 685 2147; x_wconf 80' lang='lat' dir='ltr'>The</span> <span class='ocrx_word' id='word_1_257' title='bbox 709 2116 852 2147; x_wconf 79' lang='lat' dir='ltr'>Romans</span> <span class='ocrx_word' id='word_1_258' title='bbox 878 2116 1018 2147; x_wconf 78' lang='lat' dir='ltr'>advance</span> <span class='ocrx_word' id='word_1_259' title='bbox 1045 2116 1171 2156; x_wconf 73' lang='lat' dir='ltr'>against</span> <span class='ocrx_word' id='word_1_260' title='bbox 1200 2115 1505 2146; x_wconf 78' lang='lat' dir='ltr'>Hasdrubal.—n.c.</span> 
     </span>
    </p>
   </div>
   <div class='ocr_carea' id='block_1_7' title="bbox 197 2241 1506 2468">
    <p class='ocr_par' dir='ltr' id='par_1_8' title="bbox 197 2241 1506 2468">
     <span class='ocr_line' id='line_1_34' title="bbox 260 2241 1505 2295; baseline -0.002 -13"><span class='ocrx_word' id='word_1_261' title='bbox 260 2245 297 2282; x_wconf 93' lang='lat'>1.</span> <span class='ocrx_word' id='word_1_262' title='bbox 328 2243 403 2282; x_wconf 65' lang='grc' dir='ltr'>ΕΒ</span> <span class='ocrx_word' id='word_1_263' title='bbox 422 2241 559 2283; x_wconf 86' lang='lat' dir='ltr'>literae</span> <span class='ocrx_word' id='word_1_264' title='bbox 579 2256 838 2295; x_wconf 85' lang='lat' dir='ltr'>quamquam</span> <span class='ocrx_word' id='word_1_265' title='bbox 870 2243 1004 2295; x_wconf 70' lang='lat' dir='ltr'>primo</span> <span class='ocrx_word' id='word_1_266' title='bbox 1026 2242 1252 2282; x_wconf 88' lang='lat' dir='ltr'>admodum</span> <span class='ocrx_word' id='word_1_267' title='bbox 1284 2245 1505 2281; x_wconf 82' lang='lat' dir='ltr'>moverunt</span> 
     </span>
     <span class='ocr_line' id='line_1_35' title="bbox 199 2300 1505 2353; baseline -0.002 -13"><span class='ocrx_word' id='word_1_268' title='bbox 199 2303 406 2348; x_wconf 87' lang='lat' dir='ltr'>senatum,</span> <span class='ocrx_word' id='word_1_269' title='bbox 426 2303 586 2348; x_wconf 85' lang='lat' dir='ltr'>tamen,</span> <span class='ocrx_word' id='word_1_270' title='bbox 606 2301 708 2353; x_wconf 87' lang='lat' dir='ltr'>quia</span> <span class='ocrx_word' id='word_1_271' title='bbox 729 2300 867 2340; x_wconf 85' lang='lat' dir='ltr'>Italiae</span> <span class='ocrx_word' id='word_1_272' title='bbox 898 2313 995 2339; x_wconf 89' lang='lat' dir='ltr'>eura</span> <span class='ocrx_word' id='word_1_273' title='bbox 1016 2301 1129 2352; x_wconf 89' lang='lat' dir='ltr'>prior</span> <span class='ocrx_word' id='word_1_274' title='bbox 1157 2300 1378 2353; x_wconf 88' lang='lat' dir='ltr'>potiorque</span> <span class='ocrx_word' id='word_1_275' title='bbox 1400 2302 1505 2346; x_wconf 86' lang='lat' dir='ltr'>erat,</span> 
     </span>
     <span class='ocr_line' id='line_1_36' title="bbox 197 2357 1504 2410; baseline -0.002 -13"><span class='ocrx_word' id='word_1_276' title='bbox 197 2357 311 2398; x_wconf 88' lang='lat' dir='ltr'>nihil</span> <span class='ocrx_word' id='word_1_277' title='bbox 332 2357 384 2397; x_wconf 87' lang='lat' dir='ltr'>de</span> <span class='ocrx_word' id='word_1_278' title='bbox 404 2357 669 2397; x_wconf 87' lang='lat' dir='ltr'>Hasdrubale</span> <span class='ocrx_word' id='word_1_279' title='bbox 686 2371 822 2410; x_wconf 90' lang='lat' dir='ltr'>neque</span> <span class='ocrx_word' id='word_1_280' title='bbox 843 2357 895 2396; x_wconf 91' lang='lat' dir='ltr'>de</span> <span class='ocrx_word' id='word_1_281' title='bbox 918 2358 1050 2410; x_wconf 89' lang='lat' dir='ltr'>copiis</span> <span class='ocrx_word' id='word_1_282' title='bbox 1072 2357 1160 2410; x_wconf 86' lang='lat' dir='ltr'>ejus</span> <span class='ocrx_word' id='word_1_283' title='bbox 1179 2360 1393 2396; x_wconf 81' lang='lat' dir='ltr'>mutatum</span> <span class='ocrx_word' id='word_1_284' title='bbox 1427 2359 1504 2395; x_wconf 86' lang='lat' dir='ltr'>est.</span> 
     </span>
     <span class='ocr_line' id='line_1_37' title="bbox 200 2413 1506 2468; baseline -0.002 -13"><span class='ocrx_word' id='word_1_285' title='bbox 200 2418 239 2455; x_wconf 83' lang='lat'>2.</span> <span class='ocrx_word' id='word_1_286' title='bbox 263 2413 453 2455; x_wconf 89' lang='lat' dir='ltr'>Himilco</span> <span class='ocrx_word' id='word_1_287' title='bbox 476 2427 571 2454; x_wconf 88' lang='lat' dir='ltr'>cum</span> <span class='ocrx_word' id='word_1_288' title='bbox 594 2416 781 2454; x_wconf 82' lang='lat' dir='ltr'>exercitu</span> <span class='ocrx_word' id='word_1_289' title='bbox 806 2415 923 2468; x_wconf 84' lang='lat' dir='ltr'>justo</span> <span class='ocrx_word' id='word_1_290' title='bbox 945 2420 986 2455; x_wconf 86' lang='lat' dir='ltr'>et</span> <span class='ocrx_word' id='word_1_291' title='bbox 1009 2419 1131 2455; x_wconf 54' lang='lat' dir='ltr'>aucta</span> <span class='ocrx_word' id='word_1_292' title='bbox 1153 2414 1280 2453; x_wconf 85' lang='lat' dir='ltr'>classe</span> <span class='ocrx_word' id='word_1_293' title='bbox 1301 2414 1354 2453; x_wconf 88' lang='lat' dir='ltr'>ad</span> <span class='ocrx_word' id='word_1_294' title='bbox 1375 2414 1506 2452; x_wconf 88' lang='lat' dir='ltr'>retin-</span> 
     </span>
    </p>
   </div>
  </div>
 </body>
</html>
