1663 2718
167 157 222 199 ὃὸ
464 155 578 195 ΤΙΤΙ
613 155 755 194 LIVII
791 153 1190 194 HISTORIARUM

581 325 847 366 CHAPTER
876 324 1082 365 XLVIII.

174 423 379 456 Movements
401 421 467 453 and
488 420 703 461 Proceedings
719 421 756 452 of
774 420 829 452 the
845 420 972 452 Roman
989 419 1230 452 Commanders.
1277 419 1346 451 The
1361 420 1489 452 Roman

220 467 337 498 Senate
367 465 491 497 receive
515 464 643 496 Letters
669 465 753 495 from
779 464 835 495 the
859 464 985 504 Scipios
1009 463 1167 504 detailing
1189 463 1275 495 their
1297 463 1431 495 Success
1453 462 1490 494 in

219 509 329 551 Spain,
346 508 411 540 and
424 508 541 547 asking
556 508 607 539 for
622 507 741 548 Money
753 506 818 538 and
831 507 988 548 Supplies.
1027 508 1155 548 Appeal
1173 506 1264 537 made
1281 510 1317 537 to
1333 507 1389 537 the
1406 506 1490 537 Con-

221 558 359 584 tractors
386 556 421 583 to
447 551 577 583 furnish
601 550 787 591 Requisites
808 551 859 581 for
875 550 931 581 the
946 551 1048 590 Army
1070 551 1105 581 in
1129 551 1239 591 Spain,
1258 549 1419 589 Payment
1441 549 1492 581 for

220 596 324 627 which
345 595 376 669 gs
393 599 426 626 to
442 595 481 626 be
508 593 600 625 made
617 604 652 625 as
679 604 758 625 soon
781 603 816 624 as
840 593 960 634 Money
975 603 1080 625 comes
1102 592 1172 624 into
1193 593 1250 624 tho
1274 593 1491 634 Treasury.-—·

221 649 281 670 nc.
301 641 340 670 53
366 662 374 671 .

241 725 277 762 1.
311 722 470 769 QUIEIA
502 721 601 761 inde
633 722 789 760 stativa
819 721 947 768 fuere,
976 733 1023 759 ac
1053 723 1164 759 retro
1187 721 1318 759 etiam
1349 719 1494 759 consul

179 781 316 819 movit
338 783 486 826 castra,
508 782 558 817 ut
579 781 812 817 sementem
834 777 1038 830 Campani
1060 778 1262 826 facerent,
1283 790 1364 817 nec
1395 778 1494 817 ante

179 837 362 876 violavit
381 849 531 888 agrum
546 835 821 888 Campanum,
843 836 972 887 quam
987 835 1079 887 jam
1100 835 1198 874 altae
1212 836 1258 874 in
1279 835 1495 887 segetibus

181 895 321 934 herbae
356 893 561 946 pabulum
595 893 781 946 praebere
813 896 1023 945 poterant.
1087 895 1125 932 2.
1157 892 1209 931 Id
1234 892 1430 932 convexit
1450 893 1497 931 in

181 952 415 992 Claudiana
429 955 564 990 castra
584 964 706 1003 super
723 950 973 999 Suessulam,
990 950 1136 1003 ibique
1149 950 1327 990 hiberna
1341 949 1498 990 aedific-

181 1011 285 1049 avit.
358 1008 421 1047 M.
459 1008 635 1048 Claudio
675 1007 914 1060 proconsuli
954 1009 1194 1060 imperavit,
1226 1011 1289 1057 ut,
1330 1011 1496 1047 retento

183 1067 304 1106 Nolae
333 1067 565 1105 necessario
597 1065 650 1105 ad
680 1066 884 1105 tuendam
914 1066 1061 1104 mbem
1090 1066 1300 1118 praesidio,
1336 1068 1497 1104 ceteros

183 1124 343 1164 milites
375 1124 616 1163 dimitteret
645 1123 839 1170 Romam,
859 1137 913 1162 ne
944 1124 1061 1162 oneri
1092 1124 1215 1162 sociis
1243 1126 1287 1162 et
1307 1123 1499 1175 sumptui

183 1181 430 1234 reipublicae
461 1184 612 1220 essent.
677 1183 714 1219 3.
748 1181 806 1219 Et
835 1181 901 1219 Ti.
935 1180 1147 1219 Gracchus
1177 1193 1202 1219 a
1235 1179 1378 1220 Cumis
1413 1180 1500 1219 Lu-

183 1241 341 1279 ceriam
362 1240 408 1277 in
423 1239 622 1291 Apuliam
638 1238 826 1290 legiones
838 1251 970 1290 quum
986 1237 1187 1286 duxisset,
1204 1237 1266 1277 M.
1281 1237 1500 1277 Valerium

184 1298 284 1336 inde
326 1299 549 1349 praetorem
593 1296 869 1335 Brundisium
911 1309 1007 1334 cum
1047 1309 1110 1344 eo,
1142 1309 1268 1348 quem
1310 1295 1501 1335 Luceriae

185 1355 404 1402 habuerat,
427 1355 616 1393 exercitu
634 1354 779 1401 misit3
801 1350 996 1405 tuerique
1016 1367 1132 1392 oram
1152 1354 1244 1405 agri
1261 1352 1500 1402 Sallentini,

185 1416 230 1452 et
251 1413 471 1465 providere
504 1412 617 1464 quod
638 1411 693 1450 ad
722 1410 975 1464 Philippum
995 1410 1240 1463 bellumque
1270 1410 1501 1450 Macedon-

187 1471 303 1509 icum
324 1470 543 1518 attineret,
559 1469 701 1521 jussit.

246 1530 286 1567 4.
320 1528 454 1566 Exitu
484 1527 641 1566 aestatis
673 1525 775 1579 ejus,
807 1530 889 1579 qua
913 1526 1002 1566 haec
1032 1529 1149 1579 gesta
1169 1527 1501 1580 perscripsimus,

187 1585 324 1625 literae
338 1598 362 1623 a
377 1585 426 1624 P.
437 1587 482 1624 et
498 1584 570 1624 Cn.
580 1584 848 1637 Scipionibus
864 1588 1086 1633 venerunt,
1100 1587 1277 1636 quantas
1290 1586 1502 1637 quamque

188 1656 405 1696 prosperas
436 1643 480 1681 in
503 1642 712 1694 Hispania
742 1655 807 1681 res
828 1643 1077 1694 gessissent:
1110 1642 1182 1681 sed
1212 1643 1435 1694 pecuniam
1457 1643 1503 1681 in

190 1701 468 1753 stipendium,
490 1701 841 1751 vestimentaque,
864 1702 908 1739 et
929 1699 1192 1739 frumentum
1223 1700 1428 1739 exercitui
1459 1704 1505 1739 et

190 1759 314 1797 sociis
335 1757 555 1797 navalibus
577 1758 721 1797 omnia
742 1757 896 1797 deesse.
959 1758 997 1797 5.
1031 1757 1150 1804 Quod
1171 1757 1224 1796 ad
1240 1757 1504 1810 stipendium

189 1817 390 1865 attineat,
422 1816 457 1855 si
499 1816 693 1855 aerarium
724 1816 844 1868 inops
876 1816 946 1863 sit,
978 1828 1020 1854 se
1061 1814 1249 1867 aliquam
1293 1816 1505 1855 rationem

191 1875 387 1922 inituros,
409 1886 492 1925 quo
514 1873 639 1912 modo
661 1872 715 1912 ab
736 1872 939 1925 Hispanis
960 1876 1125 1912 sumant
1142 1887 1152 1920 ;
1184 1875 1324 1912 cetera
1354 1873 1504 1926 utique

191 1931 246 1971 ab
277 1931 412 1970 Roma
442 1931 654 1970 mittenda
685 1943 785 1978 esse,
806 1944 884 1969 nec
915 1930 1038 1970 aliter
1068 1934 1143 1970 aut
1164 1931 1410 1978 exercitum,
1431 1934 1507 1970 aut

192 1989 469 2042 provinciam,
501 1989 640 2027 teneri
670 2001 801 2040 posse.
879 1988 917 2027 6.
949 1987 1105 2027 Literis
1145 1989 1335 2027 recitatis
1381 2001 1505 2027 nemo

193 2047 385 2086 omnium
426 2049 530 2093 crat,
561 2046 667 2098 quin
687 2048 732 2084 et
763 2058 861 2084 vera
892 2045 1032 2093 scribi,
1063 2048 1108 2084 et
1137 2045 1342 2097 postulari
1373 2059 1505 2098 sequa,

193 2104 399 2144 fateretur
418 2118 428 2151 ;
451 2104 521 2143 sed
543 2103 786 2142 occurrebat
800 2104 966 2149 animis,
983 2106 1163 2155 quantos
1177 2104 1386 2142 exercitiis
1400 2107 1506 2142 terr-

193 2165 325 2202 estres
345 2161 599 2214 navalesque
615 2163 850 2208 merentia,
867 2164 1108 2213 quantaque
1121 2174 1229 2199 nova
1251 2160 1393 2200 classis
1409 2174 1506 2199 mox

193 2220 380 2272 paranda
411 2225 533 2267 esset,
565 2220 600 2257 si
631 2218 793 2258 bellum
814 2218 1135 2257 Macedonicum
1166 2223 1432 2257 moveretur:
1467 2219 1505 2258 7.

193 2277 387 2317 Siciliam
423 2291 471 2316 ac
508 2277 761 2325 Sardiniam,
794 2289 887 2329 quae
928 2280 1027 2315 ante
1078 2275 1238 2315 bellum
1278 2275 1507 2328 vectigales

193 2335 386 2383 fuissent,
435 2335 504 2373 vix
540 2334 736 2387 praesides
768 2335 1080 2386 provinciarum
1122 2335 1330 2373 exercitfis
1382 2333 1505 2373 alere.

193 2395 233 2431 8.
266 2392 443 2432 Tributo
465 2394 657 2444 sumptsis
689 2392 977 2444 suppeditari3
1008 2396 1101 2429 tum
1134 2393 1271 2443 ipsum
1298 2391 1506 2430 tributum

191 2450 502 2490 conferentium
525 2463 748 2488 numerum
776 2450 908 2488 tantis
937 2450 1201 2488 exercituum
1232 2449 1442 2502 stragibus
1464 2454 1506 2488 et

1603 180 1631 259 *spx-t
1611 166 1630 170 1
1612 140 1629 157 :a
