1663 2718
472 141 640 179 LIBER
674 142 831 180 XXIII.
888 143 1003 181 CAP.
1034 143 1108 180 XI.
1395 146 1444 183 13

141 251 270 291 iteret
309 250 446 292 dediti
481 252 700 305 principis,
733 256 775 292 et
816 252 1027 305 legatione
1063 254 1189 293 miss-52
1222 253 1274 293 ad
1309 257 1446 307 repet-

139 308 298 348 endum
338 323 449 357 eum,
489 322 557 358 ne,
602 313 678 349 aut
717 310 910 362 negando
950 325 1052 358 rem,
1091 324 1219 363 quam
1260 312 1446 363 primiim

140 369 349 418 peterent,
385 365 624 406 offendendi
666 366 748 406 sibi
788 368 885 406 novi
927 369 1057 415 socii3
1097 372 1172 407 aut:
1206 368 1446 418 tribuendo,

140 423 357 463 habendus
388 422 541 475 Capuae
573 427 681 463 esset,
711 424 930 464 seditionis
955 439 1002 464 ae
1033 425 1252 464 turbarum
1284 430 1443 465 auctor.

144 482 209 519 11.
239 479 404 520 Navem
443 480 622 532 Cyrenas
663 481 819 520 detulit
853 485 1094 534 tempestas,
1134 496 1228 534 quae
1264 487 1358 522 tum
1397 484 1444 522 in

140 537 302 577 ditione
317 551 467 590 regum
488 541 620 577 erant.
671 541 736 577 12.
759 538 827 578 Ibi
848 552 980 591 quum
998 539 1168 591 Magius
1188 540 1240 578 ad
1259 543 1442 583 statuam

139 593 361 635 Ptolemaei
401 595 514 648 regis
549 595 819 648 confugisset,
853 597 1097 649 deportatus
1136 610 1160 635 a
1200 597 1444 636 custodibus

139 651 442 692 Alexandream
482 652 535 691 ad
585 652 880 701 Ptolemaeum,
917 667 1048 705 quum
1099 667 1196 693 eum
1237 654 1444 693 docuisset.

139 713 283 748 contra
290 709 362 762 jus
382 709 552 749 foederis
568 711 761 749 vinetum
783 724 824 750 se
842 711 894 750 ab
918 711 1159 750 Hannibale
1177 725 1276 760 csse,
1294 711 1444 750 vinclis

139 766 368 815 liberatum
398 768 748 820 permissumque,
776 772 825 807 ut
855 767 1025 815 rediret,
1047 782 1119 807 seu
1150 768 1342 817 Romam,
1371 782 1443 808 seu

139 823 340 876 Capuam,
362 824 524 864 mallet.
590 827 654 864 13.
688 825 777 864 Nec
798 825 968 877 Magius
991 825 1176 878 Capuam
1200 825 1278 865 sibi
1303 829 1443 865 tutam

123 881 289 929 dicere,
329 885 373 921 et,
412 881 592 921 Romam
628 895 676 921 eo
718 886 923 935 tempore,
964 896 1047 934 quo
1088 883 1201 922 iuter
1234 883 1443 922 Romanos

138 937 453 990 Campanosque
504 939 665 978 bellum
716 941 785 987 sit,
837 939 1066 992 transfugae
1116 941 1266 992 magis,
1315 942 1444 992 quam

137 995 330 1048 hospitis,
371 996 459 1035 fore
493 996 791 1035 domicilium:
833 1010 1039 1048 nusquam
1073 996 1201 1035 malle
1235 999 1363 1049 quam
1398 998 1443 1036 in

135 1065 264 1104 regno
309 1053 398 1105 ejus
438 1054 594 1102 vivere,
634 1067 762 1106 quem
803 1053 1015 1093 vindicem
1056 1058 1183 1106 atque
1230 1058 1445 1093 auctorem

135 1109 290 1149 habeat,
310 1110 533 1150 libertatis.

594 1267 859 1308 CHAPTER
901 1269 978 1307 XI.

136 1355 174 1390 Q.
191 1354 313 1386 Fabius
327 1354 439 1386 Pictor
454 1359 582 1385 returns
598 1359 631 1385 to
647 1354 749 1385 Rome
772 1354 854 1385 from
871 1354 998 1395 Delphi,
1016 1355 1080 1386 and
1096 1355 1189 1387 reads
1206 1356 1260 1387 tho
1285 1355 1388 1397 Reply
1412 1356 1448 1387 of

179 1398 235 1429 the
258 1397 382 1428 Oraclc.
429 1398 569 1438 Reports
586 1397 676 1428 what
699 1397 738 1428 he
762 1397 924 1428 haddone
947 1399 1032 1428 aster
1048 1398 1208 1439 receiving
1237 1399 1309 1429 that
1329 1398 1444 1440 Reply,

178 1440 243 1472 and
259 1440 313 1472 the
327 1439 505 1472 Obedience
522 1440 561 1471 he
578 1440 643 1471 had
658 1440 735 1482 paid
751 1445 784 1471 to
800 1441 854 1471 the
870 1441 1086 1471 Instructions
1103 1442 1139 1472 of
1151 1441 1205 1472 thc
1223 1442 1320 1472 Chivf
1335 1442 1446 1473 Pricst

179 1485 216 1516 of
234 1483 291 1515 the
317 1483 459 1525 Temple.
506 1483 575 1514 The
599 1483 713 1514 Senate
728 1483 854 1514 dccrecs
876 1484 930 1514 the
948 1484 1149 1515 Observance
1165 1485 1201 1515 of
1219 1485 1273 1515 the
1290 1485 1446 1525 Require-

178 1532 285 1558 ments
310 1527 347 1558 of
368 1527 424 1558 the
448 1527 572 1564 Oracle,
598 1526 663 1557 and
686 1526 798 1558 orders
821 1527 930 1567 public
960 1527 1182 1568 Supplicatum
1211 1534 1244 1558 to
1267 1528 1322 1559 the
1345 1527 1444 1559 Gods.

179 1570 285 1611 Mago,
303 1569 358 1601 the
374 1570 437 1601 Son
454 1570 491 1601 of
509 1569 686 1607 Hamilcar,
703 1570 826 1601 arrives
843 1575 877 1600 at
894 1570 1065 1609 Carthago.
1081 1570 1144 1601 and
1168 1571 1373 1611 announcing
1389 1570 1443 1602 the

179 1613 311 1654 victory
330 1613 367 1644 of
389 1613 510 1644 Cannae
535 1612 600 1643 and
624 1612 668 1644 its
693 1612 834 1650 Results,
863 1613 940 1644 asks
967 1613 1037 1644 that
1066 1614 1120 1644 the
1148 1613 1236 1644 Gods
1261 1613 1379 1644 should
1404 1614 1446 1645 be

179 1655 438 1688 thanked.—n.c.
456 1658 529 1688 216.

197 1734 234 1771 1.
266 1731 369 1771 DUM
401 1731 490 1770 haee
520 1733 738 1783 geruntur,
776 1729 823 1777 Q.
859 1730 1013 1769 Fabius
1050 1729 1194 1769 Pictor
1224 1730 1389 1783 legatus
1419 1745 1444 1771 a

136 1789 313 1842 Delphis
327 1789 505 1828 Romam
520 1787 649 1827 rediit
662 1800 987 1840 responsumque
1001 1801 1050 1827 ex
1065 1788 1219 1840 scripto
1234 1789 1443 1828 recitavit.

136 1847 238 1886 Divi
268 1845 461 1898 divaeque
492 1846 536 1884 in
569 1858 618 1884 eo
649 1847 783 1892 erant,
804 1845 959 1897 quibus
991 1858 1158 1897 quoque
1191 1845 1316 1884 modo
1347 1859 1444 1898 sup-

138 1903 393 1956 plicaretur;
446 1905 484 1942 2.
516 1905 610 1941 tum
651 1901 737 1942 “Si
773 1902 835 1942 ita
867 1902 1026 1950 faxitis,
1063 1902 1258 1950 Romani,
1295 1906 1444 1943 vestrae

138 1975 202 2000 res
222 1960 419 2000 meliores
440 1959 734 2012 facilioresque
755 1962 894 2007 erunt,
915 1961 1132 2012 magisque
1154 1973 1206 1998 cx
1233 1961 1444 2000 sententia

137 2017 373 2071 respublica
413 2021 550 2057 vestra
589 2017 706 2057 vobis
756 2017 966 2070 procedet,
1007 2018 1268 2070 victoriaque
1309 2017 1443 2057 duelli

138 2075 286 2129 populi
326 2075 507 2115 Romani
548 2075 643 2115 erit.
721 2077 758 2114 3.
790 2075 947 2127 Pythio
980 2074 1185 2127 Apollini,
1226 2074 1444 2127 republica

139 2137 275 2173 vestri
309 2133 416 2173 bene
457 2136 576 2186 gesta
617 2135 874 2185 servataque,
917 2131 1044 2171 lucris
1079 2133 1243 2171 meritis
1285 2132 1444 2172 donum

139 2191 377 2238 mittitote3
407 2190 540 2243 deque
561 2190 715 2243 praedz‘i,
744 2188 957 2229 manubiis
978 2189 1220 2241 spoliisque,
1242 2189 1445 2229 honorem

140 2248 365 2296 habetote3
415 2247 632 2287 lasciviam
671 2261 697 2287 a
735 2247 853 2287 vobis
893 2246 1197 2300 prohibetote.'’
1268 2249 1308 2285 4.
1340 2247 1445 2287 Haec

142 2306 215 2345 ubi
237 2319 288 2345 ex
315 2306 461 2346 Graeco
483 2306 665 2345 carmine
687 2306 965 2358 interpretata
985 2305 1196 2352 recitavit,
1217 2307 1312 2343 tum
1333 2304 1445 2344 dixit:

142 2376 184 2403 se
217 2363 382 2403 oraculo
419 2376 631 2416 egressum
662 2362 874 2415 extemplo
906 2363 959 2401 iis
987 2362 1182 2401 omnibus
1215 2361 1323 2401 divis
1354 2375 1445 2401 rem

142 2420 333 2460 divinam
367 2423 460 2460 ture
488 2434 536 2460 ac
572 2421 670 2460 vino
697 2421 856 2469 fecisse,
890 2422 928 2459 5.
954 2419 1201 2472 jussumque
1234 2433 1256 2458 a
1291 2419 1443 2472 templi
