1663 2718
457 148 626 187 LIBER.
660 150 820 188 XXIII.
877 150 993 188 CAP.
1023 151 1159 189 XVII.
1412 154 1462 191 23

153 261 268 310 runt,
296 260 542 313 priusquam
564 261 912 299 continuarentur
933 260 1120 300 hostium
1155 275 1293 314 opera,
1327 263 1364 301 6.
1389 276 1462 315 per

152 319 394 358 intermissa
426 318 694 357 munimenta
721 317 1019 370 neglectasque
1049 320 1259 358 custodias
1287 319 1461 359 silentio

153 375 290 414 noctis
305 374 459 427 dilapsi
482 388 556 427 per
577 375 665 413 vias
686 375 900 427 inviaque,
921 377 1005 427 qua
1025 389 1236 428 quemque
1257 381 1332 415 aut
1363 391 1461 416 eon-

153 431 300 471 silium
319 440 394 471 aut,
430 445 542 471 error
563 431 681 478 tulit,
714 433 758 470 in
789 432 911 471 urbes
945 434 1199 485 Campaniaz,
1228 447 1330 486 quas
1360 435 1462 474 satis

154 491 317 529 certum
338 492 428 528 erat
448 501 532 528 non
554 489 738 528 mutasse
761 489 903 536 fidem,
925 490 1215 543 perfugerunt.

213 546 253 587 7.
284 545 501 585 Hannibal
533 547 698 586 Acerris
738 546 916 598 direptis
947 550 1073 600 atque
1104 548 1297 596 incensis,
1329 561 1461 600 quum

154 617 180 644 a
209 602 359 644 Casino
394 603 646 643 dictatorem
682 603 922 643 Romanum
955 604 1227 657 legionesque
1263 605 1319 630 Η
1333 606 1464 645 nimis

154 661 291 713 accipi
325 660 606 708 nuntiassent,
639 674 692 700 ne
728 662 822 713 quis
855 664 944 700 tam
985 663 1232 714 propinquis
1274 663 1462 702 hostium

156 718 303 758 castris
339 717 491 770 Capuae
531 732 696 771 quoque
732 721 920 757 oreretur
951 722 1105 768 motus,
1136 720 1368 759 exercitum
1409 721 1462 760 ad

157 775 390 815 Casilinum
412 776 544 815 ducit.
606 778 644 815 8.
678 775 910 816 Casilinum
933 790 980 815 eo
1012 779 1201 829 tempore
1233 778 1462 830 quingenti

155 833 406 873 Praenestini
449 832 659 872 habebant
690 847 785 872 cum
828 835 972 885 paucis
1002 834 1202 873 Romanis
1234 834 1465 887 Latinique

143 891 354 939 nominis,
395 903 498 942 quos
539 890 687 929 eodem
727 890 876 929 audita
917 890 1144 931 Cannensis
1186 891 1324 931 clades
1365 906 1465 931 con-

156 947 327 987 tulerat.
419 949 457 987 9.
501 947 575 996 Hi,
616 960 700 986 non
750 947 940 987 confecto
981 948 1194 988 Praeneste
1244 949 1297 988 ad
1347 949 1463 988 diem

156 1003 332 1052 dilecttl,
366 1005 496 1044 serius
532 1005 712 1057 profecti
754 1005 891 1050 domo,
923 1018 1055 1057 quum
1098 1005 1332 1045 Casilinum
1364 1010 1466 1045 ante

156 1063 313 1102 famam
349 1062 531 1101 adversa}
572 1075 726 1114 pugnae
775 1062 1003 1110 venissent,
1049 1065 1107 1111 et,
1147 1062 1242 1102 aliis
1285 1063 1465 1116 adgreg-
1520 1076 1530 1084 ·

157 1119 328 1159 antibus
378 1132 464 1159 sese
511 1119 712 1158 Romanis
753 1120 973 1171 sociisque,
1007 1120 1186 1172 profecti
1219 1134 1244 1159 a
1277 1119 1464 1160 Casilino

157 1190 255 1216 cum
301 1178 403 1216 satis
453 1190 607 1229 magno
649 1177 819 1229 agmine
869 1177 996 1225 irent,
1036 1178 1193 1217 avertit
1242 1191 1311 1217 eos
1352 1182 1465 1217 retro

157 1233 392 1274 Casilinum
424 1235 600 1273 nuntius
634 1234 862 1274 Cannensis
897 1247 1063 1286 pugnae.
1129 1237 1194 1274 10.
1227 1234 1293 1273 Ibi
1330 1248 1462 1287 quum

156 1292 246 1331 dies
277 1291 442 1344 aliquot
476 1292 660 1344 suspecti
694 1291 917 1344 Campanis
947 1292 1230 1342 timentesque
1267 1292 1465 1332 cavendis

156 1363 204 1388 ac
245 1350 455 1389 struendis
495 1350 540 1388 in
581 1350 717 1388 vicem
767 1349 932 1387 insidiis
982 1349 1282 1397 traduxissent,
1322 1353 1372 1388 ut
1413 1350 1465 1389 de

157 1407 310 1459 Capuae
331 1407 568 1446 defectione
597 1407 667 1459 agi
698 1407 916 1458 accipique
946 1406 1234 1445 Hannibalem
1257 1407 1358 1446 satis
1388 1420 1465 1459 pro

157 1468 270 1504 certo
321 1464 519 1512 habuere,
561 1464 797 1503 interfectis
848 1466 972 1502 noete
1023 1464 1247 1516 oppidanis
1298 1467 1464 1516 partem

155 1521 286 1571 urbis,
307 1535 400 1575 quae
421 1523 483 1562 cis
501 1521 760 1561 Volturnum
781 1524 951 1560 est—eo
974 1522 1090 1560 enim
1111 1521 1321 1561 dividitur
1346 1522 1463 1560 amni

155 1593 482 1632 —occupavere.
549 1581 613 1618 11.
647 1579 781 1631 quue
817 1579 1003 1631 praesidii
1037 1578 1212 1618 Casilini
1249 1578 1464 1618 habebant

154 1636 350 1677 Romani.
412 1637 595 1677 Additur
622 1640 666 1676 et
701 1637 905 1676 Perusina
949 1636 1108 1684 cohors,
1139 1637 1330 1675 homines
1361 1650 1465 1688 qua-

155 1694 371 1748 dringenti
413 1696 646 1747 sexaginta,
689 1694 836 1733 eodem
877 1694 1044 1741 nuntio,
1085 1707 1168 1746 quo
1209 1693 1463 1733 Praenestini

154 1765 308 1804 paucos
341 1756 440 1792 ante
472 1752 574 1799 dies,
612 1751 846 1791 Casilinum
884 1750 1103 1803 compulsi.
1170 1753 1234 1790 12.
1270 1751 1328 1790 Et
1359 1751 1462 1790 satis

154 1810 294 1864 ferme*
320 1813 580 1849 armatorum
614 1809 666 1848 ad
697 1813 786 1847 tam
817 1809 972 1861 exigua
1003 1809 1174 1856 moenia,
1208 1811 1252 1847 ct
1287 1807 1464 1848 flumine

155 1865 288 1906 altera
323 1871 442 1920 parte
479 1867 631 1914 cincta,
668 1866 826 1905 tuenda
866 1869 980 1913 erat3
1027 1866 1204 1918 penuria
1243 1865 1465 1914 frumenti,

153 1923 338 1963 nimium
358 1925 489 1964 etiam
511 1928 561 1963 ut
583 1924 797 1963 videretur
818 1924 1056 1971 hominum,
1079 1922 1302 1963 efficiebat.
