1663 2718
479 108 647 146 LIBER
681 109 839 146 XXIII.
897 108 1012 146 CAP.
1052 109 1203 146 XXIV.
1442 112 1490 147 33

191 219 244 259 ad
273 218 507 259 exercitum
537 219 680 267 rediit,
701 218 850 258 relicto
872 219 1074 270 magistro
1106 219 1300 271 equitum
1334 219 1490 268 Romae,

188 277 279 329 qui,
300 289 433 329 quum
454 280 549 328 post
568 289 720 329 paucos
741 276 829 315 dies
842 277 1141 328 magistratum
1164 277 1350 315 initurus
1371 279 1491 323 esset,

190 334 242 373 de
283 333 539 373 exercitibus
579 333 809 372 scribendis
849 333 1223 386 comparandisque
1255 334 1298 372 in
1334 347 1491 372 annum

190 394 330 444 patres
351 389 598 430 consuleret.

251 448 289 488 6.
322 447 462 494 Quum
502 461 561 487 cce
601 461 665 487 res
706 448 888 487 maxime
929 451 1168 499 agerentur,
1208 461 1316 487 nova
1356 448 1492 487 clades

190 505 404 552 nuntiata,
426 504 553 543 aliam
586 518 710 557 super
731 505 858 544 aliam
880 505 1125 544 cumulante
1147 506 1190 543 in
1213 518 1311 544 eum
1335 518 1492 543 annum

191 561 506 601 fortuna—L.
543 562 812 601 Postumium
862 562 1077 601 consulem
1127 562 1396 614 designatum
1448 563 1492 600 in

193 618 337 659 Gallia
363 619 503 671 ipsum
527 622 655 672 atque
686 620 920 658 exercitum
948 619 1122 659 deletos.
1185 619 1223 659 7.
1256 619 1372 659 Silva
1403 623 1493 658 erat

192 675 567 715 vasta—Litanam
606 676 722 716 Galli
756 677 1104 729 vocabant—qua
1145 677 1378 716 exercitum
1409 680 1494 715 tra-

193 733 397 773 ducturus
418 738 521 773 erat.
583 734 686 786 Ejus
707 734 822 774 silvae
843 734 990 773 dextr-:1
1020 734 1208 786 laeva‘ique
1240 735 1350 773 circa
1380 734 1493 772 viam

195 790 311 830 Galli
342 790 508 831 arbores
529 792 592 831 ita
624 791 879 840 inciderunt,
909 796 958 830 ut
988 792 1176 830 immotse,
1211 794 1383 839 starent,
1405 804 1494 830 mo-

163 850 336 887 -mento
377 847 461 887 levi
504 848 695 900 impulsae
735 849 986 888 occiderent.
1064 851 1102 887 8.
1146 849 1352 901 Legiones
1393 848 1495 887 duas

193 904 403 944 Romanas
444 905 628 944 habebat
669 906 925 954 Postumius,
967 906 1210 957 sociumque
1251 906 1304 944 ab
1345 918 1494 957 supero

193 962 301 1000 mari
334 964 505 1001 tantum
536 963 850 1015 conscripserat,
871 967 921 1002 ut
951 963 1107 1015 viginti
1137 963 1325 1015 quinque
1356 961 1495 1000 millia

194 1021 452 1058 armatorum
473 1019 518 1058 in
532 1032 652 1072 agros
673 1020 860 1059 hostium
880 1021 1108 1059 induxerit.
1171 1021 1209 1059 9.
1243 1019 1358 1059 Galli
1380 1032 1495 1058 oram

195 1079 394 1116 extremae
438 1076 554 1116 silvae
603 1090 736 1129 quum
785 1077 1163 1125 circumsedissent,
1204 1077 1279 1116 ubi
1319 1077 1497 1115 intravit

194 1146 348 1186 agmen
399 1133 567 1182 saltum,
604 1138 696 1174 tum
748 1138 955 1174 extremas
1005 1134 1201 1174 arborum
1243 1135 1496 1173 succisarum

194 1190 438 1243 impellunt.
502 1191 603 1239 Quae
639 1191 722 1231 alia
754 1193 797 1231 in
831 1192 960 1231 aliam
993 1191 1237 1231 instabilem
1270 1205 1344 1244 per
1375 1204 1416 1230 se
1449 1204 1496 1229 ac

194 1247 306 1287 male
327 1248 558 1288 haerentem
590 1250 824 1289 incidentes
845 1250 1024 1302 ancipiti
1057 1252 1194 1301 strage
1216 1262 1345 1297 arma,
1372 1249 1496 1295 viros,

195 1318 336 1358 equos,
370 1305 616 1355 obruerunt,
652 1310 702 1345 ut
741 1308 811 1346 vix
844 1307 988 1346 decem
1021 1307 1214 1345 homines
1246 1305 1495 1357 effugerent.

199 1365 264 1401 10.
306 1362 416 1402 Nam
449 1376 582 1415 quum
618 1365 850 1403 exanimati
889 1364 1081 1416 plerique
1122 1366 1260 1403 essent
1299 1363 1497 1402 arborum

194 1420 356 1459 truncis
376 1419 710 1473 fragmentisque
731 1435 955 1469 ramorum,
972 1426 1155 1460 ceteram
1173 1420 1496 1459 multitudinem

195 1477 415 1530 inopinato
436 1478 549 1517 malo
579 1479 790 1531 trepidam
822 1478 952 1525 Galli,
973 1478 1128 1517 saltum
1154 1491 1322 1517 omnem
1343 1478 1496 1516 armati

195 1534 564 1584 circumsedentes,
586 1536 916 1583 interfecerunt3
948 1536 1091 1588 paucis
1117 1549 1139 1575 e
1168 1539 1289 1574 tanto
1321 1548 1496 1573 numero

195 1592 343 1644 captia
364 1593 439 1644 qui
470 1596 645 1645 pontem
677 1592 864 1632 fluminis
890 1598 1095 1646 petentes,
1118 1593 1279 1632 obsesso
1315 1596 1413 1631 ante
1444 1592 1496 1631 ab

194 1648 387 1689 hostibus
427 1653 572 1702 ponte,
605 1650 825 1690 interclusi
867 1654 978 1689 sunt.
1045 1653 1109 1689 11.
1142 1649 1211 1689 Ibi
1252 1650 1496 1689 Postumius

194 1707 310 1746 omni
352 1707 409 1755 vi,
450 1719 503 1746 ne
544 1711 778 1760 caperetur,
819 1708 1023 1747 dimicans
1065 1707 1277 1746 occubuit.
1352 1706 1498 1758 Spolia

195 1764 380 1816 corporis
401 1767 612 1817 caputque
634 1766 854 1817 praecisum
869 1765 985 1804 (lucis
1007 1765 1103 1803 Boii
1125 1768 1297 1804 ovantes
1319 1763 1496 1816 templo,

193 1821 307 1873 quod
327 1821 640 1861 sanctissimum
661 1826 725 1861 est
739 1823 853 1875 apud
874 1835 955 1870 eos,
978 1821 1174 1861 intulere.
1221 1823 1285 1861 12.
1308 1821 1496 1873 Purgato

193 1878 293 1917 inde
315 1879 469 1931 capite,
485 1882 535 1918 ut
555 1892 644 1919 mos
665 1880 717 1919 iis
738 1884 814 1929 est,
832 1879 992 1918 calvam
1014 1892 1114 1918 auro
1136 1878 1347 1927 caelavere,
1370 1879 1497 1930 idque

195 1948 359 1975 sacrum
392 1949 463 1975 vas
495 1937 549 1975 iis
581 1939 685 1985 erat,
718 1950 801 1989 quo
834 1936 1089 1976 solemnibus
1121 1936 1319 1984 libarent,
1353 1935 1498 1988 poeul-

193 2005 351 2045 umque
394 1993 509 2033 idem
549 1994 755 2034 sacerdoti
810 2008 896 2034 esse
937 2007 985 2033 ac
1024 1993 1177 2046 templi
1218 1993 1496 2032 antistitibus.

199 2052 264 2089 13.
296 2050 443 2090 Praeda
472 2064 638 2103 quoque
669 2051 782 2091 haud
813 2053 950 2090 minor
973 2051 1124 2099 Gallis,
1145 2053 1273 2103 quam
1305 2051 1497 2098 victoria,

193 2108 307 2155 fuit;
337 2120 436 2147 nam
476 2109 556 2148 etsi
592 2122 745 2162 magna
785 2122 879 2162 pars
919 2108 1169 2148 animalium
1209 2111 1347 2160 strage
1383 2107 1499 2147 silvae

194 2178 390 2218 oppressa
410 2169 514 2213 erat,
547 2169 691 2206 tamen
721 2170 869 2206 ceterae
890 2180 967 2214 res,
995 2167 1094 2218 quia
1115 2164 1225 2204 nihil
1246 2165 1497 2217 dissipatum

194 2221 295 2274 fuga.
315 2226 392 2271 est,
421 2225 563 2263 stratae
595 2237 669 2276 per
691 2237 860 2263 omnem
886 2223 1069 2276 jacentis
1100 2223 1281 2276 agminis
1307 2222 1497 2262 ordinem

194 2279 378 2319 inventae
400 2282 510 2319 sunt.

817 2455 876 2486 c}
