<?xml version="1.0" encoding="UTF-8"?>
<!DOCTYPE html PUBLIC "-//W3C//DTD XHTML 1.0 Transitional//EN"
    "http://www.w3.org/TR/xhtml1/DTD/xhtml1-transitional.dtd">
<html xmlns="http://www.w3.org/1999/xhtml" xml:lang="en" lang="en">
 <head>
  <title>
</title>
<meta http-equiv="Content-Type" content="text/html;charset=utf-8" />
  <meta name='ocr-system' content='tesseract 3.04.00' />
  <meta name='ocr-capabilities' content='ocr_page ocr_carea ocr_par ocr_line ocrx_word'/>
</head>
<body>
  <div class='ocr_page' id='page_1' title='image "./bookxxiiiwithexp00livyuoft_0033.png"; bbox 0 0 1663 2718; ppageno 0'>
   <div class='ocr_carea' id='block_1_1' title="bbox 0 0 60 2718">
    <p class='ocr_par' dir='ltr' id='par_1_1' title="bbox 0 0 60 2718">
     <span class='ocr_line' id='line_1_1' title="bbox 0 0 60 2718; baseline 0 0"><span class='ocrx_word' id='word_1_1' title='bbox 0 0 60 2718; x_wconf 95' lang='lat' dir='ltr'> </span> 
     </span>
    </p>
   </div>
   <div class='ocr_carea' id='block_1_2' title="bbox 468 141 1469 183">
    <p class='ocr_par' dir='ltr' id='par_1_2' title="bbox 468 141 1469 183">
     <span class='ocr_line' id='line_1_2' title="bbox 468 141 1469 183; baseline 0.003 -3"><span class='ocrx_word' id='word_1_2' title='bbox 468 141 637 180; x_wconf 86' lang='lat' dir='ltr'>LIBER</span> <span class='ocrx_word' id='word_1_3' title='bbox 670 141 833 179; x_wconf 86' lang='lat' dir='ltr'>XXIII.</span> <span class='ocrx_word' id='word_1_4' title='bbox 890 141 1007 180; x_wconf 81' lang='lat' dir='ltr'><strong>CAP.</strong></span> <span class='ocrx_word' id='word_1_5' title='bbox 1037 142 1118 180; x_wconf 90' lang='lat' dir='ltr'>XV</span> <span class='ocrx_word' id='word_1_6' title='bbox 1119 142 1150 180; x_wconf 90' lang='grc' dir='ltr'>Ι.</span> <span class='ocrx_word' id='word_1_7' title='bbox 1419 144 1469 183; x_wconf 80' lang='lat'>21</span> 
     </span>
    </p>
   </div>
   <div class='ocr_carea' id='block_1_3' title="bbox 140 251 1470 2488">
    <p class='ocr_par' dir='ltr' id='par_1_3' title="bbox 163 251 1462 362">
     <span class='ocr_line' id='line_1_3' title="bbox 164 251 1462 306; baseline -0.003 -9"><span class='ocrx_word' id='word_1_8' title='bbox 164 257 299 297; x_wconf 85' lang='lat' dir='ltr'>movit</span> <span class='ocrx_word' id='word_1_9' title='bbox 339 251 762 305; x_wconf 84' lang='lat' dir='ltr'>castra—plebesque</span> <span class='ocrx_word' id='word_1_10' title='bbox 800 251 968 292; x_wconf 81' lang='lat' dir='ltr'>Nolana</span> <span class='ocrx_word' id='word_1_11' title='bbox 1001 252 1053 292; x_wconf 90' lang='lat' dir='ltr'>de</span> <span class='ocrx_word' id='word_1_12' title='bbox 1094 253 1262 306; x_wconf 83' lang='lat' dir='ltr'>integro</span> <span class='ocrx_word' id='word_1_13' title='bbox 1303 252 1356 292; x_wconf 90' lang='lat' dir='ltr'>ad</span> <span class='ocrx_word' id='word_1_14' title='bbox 1398 252 1462 293; x_wconf 80' lang='lat' dir='ltr'>de-</span> 
     </span>
     <span class='ocr_line' id='line_1_4' title="bbox 163 313 636 362; baseline -0.013 -8"><span class='ocrx_word' id='word_1_15' title='bbox 163 314 392 354; x_wconf 87' lang='lat' dir='ltr'>fectionem</span> <span class='ocrx_word' id='word_1_16' title='bbox 414 313 636 362; x_wconf 77' lang='lat' dir='ltr'><strong>spectaret.</strong></span> 
     </span>
    </p>

    <p class='ocr_par' dir='ltr' id='par_1_4' title="bbox 140 366 1470 2488">
     <span class='ocr_line' id='line_1_5' title="bbox 225 366 1470 411; baseline -0.003 0"><span class='ocrx_word' id='word_1_17' title='bbox 225 373 265 411; x_wconf 88' lang='lat'>3.</span> <span class='ocrx_word' id='word_1_18' title='bbox 296 367 524 409; x_wconf 78' lang='lat' dir='ltr'>Marcellus</span> <span class='ocrx_word' id='word_1_19' title='bbox 545 366 622 406; x_wconf 92' lang='lat' dir='ltr'>sub</span> <span class='ocrx_word' id='word_1_20' title='bbox 643 367 875 406; x_wconf 75' lang='lat' dir='ltr'>adventum</span> <span class='ocrx_word' id='word_1_21' title='bbox 902 367 1091 406; x_wconf 88' lang='lat' dir='ltr'>hostium</span> <span class='ocrx_word' id='word_1_22' title='bbox 1119 369 1233 407; x_wconf 90' lang='lat' dir='ltr'>intra</span> <span class='ocrx_word' id='word_1_23' title='bbox 1258 380 1398 407; x_wconf 90' lang='lat' dir='ltr'>muros</span> <span class='ocrx_word' id='word_1_24' title='bbox 1426 380 1470 407; x_wconf 82' lang='lat' dir='ltr'>se</span> 
     </span>
     <span class='ocr_line' id='line_1_6' title="bbox 165 424 1469 481; baseline -0.004 -12"><span class='ocrx_word' id='word_1_25' title='bbox 165 428 338 481; x_wconf 88' lang='lat' dir='ltr'>recepit,</span> <span class='ocrx_word' id='word_1_26' title='bbox 379 437 463 465; x_wconf 87' lang='lat' dir='ltr'>non</span> <span class='ocrx_word' id='word_1_27' title='bbox 504 425 648 463; x_wconf 88' lang='lat' dir='ltr'>castris</span> <span class='ocrx_word' id='word_1_28' title='bbox 676 428 884 473; x_wconf 89' lang='lat' dir='ltr'>metuens,</span> <span class='ocrx_word' id='word_1_29' title='bbox 918 424 988 464; x_wconf 89' lang='lat' dir='ltr'>sed</span> <span class='ocrx_word' id='word_1_30' title='bbox 1023 438 1076 464; x_wconf 90' lang='lat' dir='ltr'>ne</span> <span class='ocrx_word' id='word_1_31' title='bbox 1105 425 1329 477; x_wconf 66' lang='lat' dir='ltr'>prodenda}</span> <span class='ocrx_word' id='word_1_32' title='bbox 1353 425 1469 464; x_wconf 87' lang='lat' dir='ltr'>urbis</span> 
     </span>
     <span class='ocr_line' id='line_1_7' title="bbox 165 481 1468 526; baseline -0.004 0"><span class='ocrx_word' id='word_1_33' title='bbox 165 485 425 526; x_wconf 82' lang='lat' dir='ltr'>occasionem</span> <span class='ocrx_word' id='word_1_34' title='bbox 461 482 590 521; x_wconf 90' lang='lat' dir='ltr'>nimis</span> <span class='ocrx_word' id='word_1_35' title='bbox 617 481 768 521; x_wconf 85' lang='lat' dir='ltr'>multis</span> <span class='ocrx_word' id='word_1_36' title='bbox 796 482 841 520; x_wconf 92' lang='lat' dir='ltr'>in</span> <span class='ocrx_word' id='word_1_37' title='bbox 870 494 964 521; x_wconf 91' lang='lat' dir='ltr'>eam</span> <span class='ocrx_word' id='word_1_38' title='bbox 980 482 1307 521; x_wconf 84' lang='lat' dir='ltr'><strong>imminentibus</strong></span> <span class='ocrx_word' id='word_1_39' title='bbox 1335 482 1468 521; x_wconf 83' lang='lat' dir='ltr'>daret.</span> 
     </span>
     <span class='ocr_line' id='line_1_8' title="bbox 165 539 1469 592; baseline -0.004 -10"><span class='ocrx_word' id='word_1_40' title='bbox 165 545 206 582; x_wconf 90' lang='lat'>4.</span> <span class='ocrx_word' id='word_1_41' title='bbox 238 541 401 582; x_wconf 86' lang='lat' dir='ltr'>Instrui</span> <span class='ocrx_word' id='word_1_42' title='bbox 428 539 582 579; x_wconf 88' lang='lat' dir='ltr'>deinde</span> <span class='ocrx_word' id='word_1_43' title='bbox 604 542 820 591; x_wconf 79' lang='lat' dir='ltr'>utnmque</span> <span class='ocrx_word' id='word_1_44' title='bbox 847 539 958 578; x_wconf 77' lang='lat' dir='ltr'>acies</span> <span class='ocrx_word' id='word_1_45' title='bbox 986 542 1149 592; x_wconf 83' lang='lat' dir='ltr'>coeptae,</span> <span class='ocrx_word' id='word_1_46' title='bbox 1182 539 1469 578; x_wconf 86' lang='lat' dir='ltr'>Romanorum</span> 
     </span>
     <span class='ocr_line' id='line_1_9' title="bbox 165 595 1470 653; baseline -0.005 -13"><span class='ocrx_word' id='word_1_47' title='bbox 165 612 241 653; x_wconf 92' lang='lat' dir='ltr'>pro</span> <span class='ocrx_word' id='word_1_48' title='bbox 260 598 471 639; x_wconf 77' lang='lat' dir='ltr'>moenibus</span> <span class='ocrx_word' id='word_1_49' title='bbox 491 595 625 644; x_wconf 86' lang='lat' dir='ltr'>Nolae,</span> <span class='ocrx_word' id='word_1_50' title='bbox 650 595 877 636; x_wconf 87' lang='lat' dir='ltr'>Poenorum</span> <span class='ocrx_word' id='word_1_51' title='bbox 897 600 996 636; x_wconf 87' lang='lat' dir='ltr'>ante</span> <span class='ocrx_word' id='word_1_52' title='bbox 1013 599 1147 636; x_wconf 86' lang='lat' dir='ltr'>castra</span> <span class='ocrx_word' id='word_1_53' title='bbox 1168 609 1253 635; x_wconf 90' lang='lat' dir='ltr'>sua.</span> <span class='ocrx_word' id='word_1_54' title='bbox 1312 596 1470 635; x_wconf 83' lang='lat' dir='ltr'>Proelia</span> 
     </span>
     <span class='ocr_line' id='line_1_10' title="bbox 166 653 1470 709; baseline -0.003 -13"><span class='ocrx_word' id='word_1_55' title='bbox 166 657 267 697; x_wconf 84' lang='lat' dir='ltr'>hinc</span> <span class='ocrx_word' id='word_1_56' title='bbox 302 668 429 709; x_wconf 75' lang='lat' dir='ltr'>parva</span> <span class='ocrx_word' id='word_1_57' title='bbox 470 655 585 694; x_wconf 88' lang='lat' dir='ltr'>inter</span> <span class='ocrx_word' id='word_1_58' title='bbox 624 653 773 693; x_wconf 90' lang='lat' dir='ltr'>urbem</span> <span class='ocrx_word' id='word_1_59' title='bbox 813 658 1030 706; x_wconf 88' lang='lat' dir='ltr'>castraque</span> <span class='ocrx_word' id='word_1_60' title='bbox 1066 657 1111 693; x_wconf 86' lang='lat' dir='ltr'>et</span> <span class='ocrx_word' id='word_1_61' title='bbox 1159 655 1274 693; x_wconf 75' lang='lat' dir='ltr'>vario</span> <span class='ocrx_word' id='word_1_62' title='bbox 1315 658 1470 693; x_wconf 78' lang='lat' dir='ltr'>eventu</span> 
     </span>
     <span class='ocr_line' id='line_1_11' title="bbox 166 711 1470 765; baseline -0.003 -11"><span class='ocrx_word' id='word_1_63' title='bbox 166 713 339 760; x_wconf 81' lang='lat' dir='ltr'>fiebant,</span> <span class='ocrx_word' id='word_1_64' title='bbox 361 713 463 765; x_wconf 87' lang='lat' dir='ltr'>quia</span> <span class='ocrx_word' id='word_1_65' title='bbox 475 711 602 752; x_wconf 89' lang='lat' dir='ltr'>duces</span> <span class='ocrx_word' id='word_1_66' title='bbox 615 725 693 751; x_wconf 88' lang='lat' dir='ltr'>nec</span> <span class='ocrx_word' id='word_1_67' title='bbox 707 711 928 764; x_wconf 89' lang='lat' dir='ltr'>prohibere</span> <span class='ocrx_word' id='word_1_68' title='bbox 949 725 1099 764; x_wconf 89' lang='lat' dir='ltr'>paucos</span> <span class='ocrx_word' id='word_1_69' title='bbox 1115 714 1275 751; x_wconf 91' lang='lat' dir='ltr'>temere</span> <span class='ocrx_word' id='word_1_70' title='bbox 1297 724 1470 764; x_wconf 72' lang='lat' dir='ltr'>provoc-</span> 
     </span>
     <span class='ocr_line' id='line_1_12' title="bbox 167 768 1468 822; baseline -0.002 -11"><span class='ocrx_word' id='word_1_71' title='bbox 167 774 302 818; x_wconf 86' lang='lat' dir='ltr'>antes,</span> <span class='ocrx_word' id='word_1_72' title='bbox 323 784 400 810; x_wconf 85' lang='lat' dir='ltr'>nec</span> <span class='ocrx_word' id='word_1_73' title='bbox 422 769 521 810; x_wconf 88' lang='lat' dir='ltr'>dare</span> <span class='ocrx_word' id='word_1_74' title='bbox 543 770 711 821; x_wconf 81' lang='lat' dir='ltr'>signum</span> <span class='ocrx_word' id='word_1_75' title='bbox 732 769 939 809; x_wconf 82' lang='lat' dir='ltr'>universae</span> <span class='ocrx_word' id='word_1_76' title='bbox 959 781 1126 822; x_wconf 79' lang='lat' dir='ltr'>pugnae,</span> <span class='ocrx_word' id='word_1_77' title='bbox 1148 768 1360 808; x_wconf 89' lang='lat' dir='ltr'>volebant.</span> <span class='ocrx_word' id='word_1_78' title='bbox 1428 771 1468 808; x_wconf 82' lang='lat'>5.</span> 
     </span>
     <span class='ocr_line' id='line_1_13' title="bbox 168 826 1469 880; baseline -0.002 -12"><span class='ocrx_word' id='word_1_79' title='bbox 168 829 220 868; x_wconf 91' lang='lat' dir='ltr'>In</span> <span class='ocrx_word' id='word_1_80' title='bbox 251 829 329 868; x_wconf 86' lang='lat' dir='ltr'>hac</span> <span class='ocrx_word' id='word_1_81' title='bbox 359 827 607 880; x_wconf 72' lang='lat' dir='ltr'>quotidiana</span> <span class='ocrx_word' id='word_1_82' title='bbox 640 826 816 865; x_wconf 89' lang='lat' dir='ltr'>duorum</span> <span class='ocrx_word' id='word_1_83' title='bbox 842 828 1104 866; x_wconf 82' lang='lat' dir='ltr'>exercituum</span> <span class='ocrx_word' id='word_1_84' title='bbox 1137 827 1319 866; x_wconf 89' lang='lat' dir='ltr'>statione</span> <span class='ocrx_word' id='word_1_85' title='bbox 1354 827 1469 878; x_wconf 92' lang='lat' dir='ltr'>prin-</span> 
     </span>
     <span class='ocr_line' id='line_1_14' title="bbox 140 883 1470 938; baseline -0.002 -13"><span class='ocrx_word' id='word_1_86' title='bbox 140 892 144 895; x_wconf 89' lang='lat'>&#39;</span> <span class='ocrx_word' id='word_1_87' title='bbox 167 886 281 938; x_wconf 83' lang='lat' dir='ltr'>cipes</span> <span class='ocrx_word' id='word_1_88' title='bbox 302 885 561 924; x_wconf 84' lang='lat' dir='ltr'>Nolanorum</span> <span class='ocrx_word' id='word_1_89' title='bbox 583 884 787 923; x_wconf 88' lang='lat' dir='ltr'>nuntiant</span> <span class='ocrx_word' id='word_1_90' title='bbox 806 883 1011 923; x_wconf 85' lang='lat' dir='ltr'>Marcello</span> <span class='ocrx_word' id='word_1_91' title='bbox 1032 886 1239 923; x_wconf 86' lang='lat' dir='ltr'>nocturna</span> <span class='ocrx_word' id='word_1_92' title='bbox 1259 883 1470 935; x_wconf 81' lang='lat' dir='ltr'>colloquia</span> 
     </span>
     <span class='ocr_line' id='line_1_15' title="bbox 167 940 1468 995; baseline -0.003 -13"><span class='ocrx_word' id='word_1_93' title='bbox 167 944 281 982; x_wconf 89' lang='lat' dir='ltr'>inter</span> <span class='ocrx_word' id='word_1_94' title='bbox 301 942 470 995; x_wconf 79' lang='lat' dir='ltr'>plebem</span> <span class='ocrx_word' id='word_1_95' title='bbox 492 954 538 980; x_wconf 89' lang='lat' dir='ltr'>ac</span> <span class='ocrx_word' id='word_1_96' title='bbox 561 941 712 980; x_wconf 85' lang='lat' dir='ltr'>Poenos</span> <span class='ocrx_word' id='word_1_97' title='bbox 746 940 852 989; x_wconf 87' lang='lat' dir='ltr'>fieri,</span> <span class='ocrx_word' id='word_1_98' title='bbox 886 941 924 981; x_wconf 90' lang='grc'>6.</span> <span class='ocrx_word' id='word_1_99' title='bbox 956 944 1250 993; x_wconf 84' lang='lat' dir='ltr'>statutumque</span> <span class='ocrx_word' id='word_1_100' title='bbox 1279 954 1379 988; x_wconf 87' lang='lat' dir='ltr'>esse,</span> <span class='ocrx_word' id='word_1_101' title='bbox 1405 945 1468 988; x_wconf 83' lang='lat' dir='ltr'>ut,</span> 
     </span>
     <span class='ocr_line' id='line_1_16' title="bbox 166 998 1470 1052; baseline -0.002 -13"><span class='ocrx_word' id='word_1_102' title='bbox 166 1013 298 1052; x_wconf 90' lang='lat' dir='ltr'>quum</span> <span class='ocrx_word' id='word_1_103' title='bbox 319 999 509 1039; x_wconf 85' lang='lat' dir='ltr'>Romana</span> <span class='ocrx_word' id='word_1_104' title='bbox 529 999 639 1037; x_wconf 86' lang='lat' dir='ltr'>acies</span> <span class='ocrx_word' id='word_1_105' title='bbox 659 1011 822 1050; x_wconf 78' lang='lat' dir='ltr'>egressa</span> <span class='ocrx_word' id='word_1_106' title='bbox 843 999 975 1051; x_wconf 89' lang='lat' dir='ltr'>portis</span> <span class='ocrx_word' id='word_1_107' title='bbox 996 1002 1140 1047; x_wconf 88' lang='lat' dir='ltr'>staret,</span> <span class='ocrx_word' id='word_1_108' title='bbox 1163 998 1470 1050; x_wconf 86' lang='lat' dir='ltr'>impedimenta</span> 
     </span>
     <span class='ocr_line' id='line_1_17' title="bbox 167 1055 1469 1107; baseline -0.004 -10"><span class='ocrx_word' id='word_1_109' title='bbox 167 1070 311 1097; x_wconf 84' lang='lat' dir='ltr'>corum</span> <span class='ocrx_word' id='word_1_110' title='bbox 332 1070 379 1096; x_wconf 92' lang='lat' dir='ltr'>ac</span> <span class='ocrx_word' id='word_1_111' title='bbox 408 1056 590 1095; x_wconf 78' lang='lat' dir='ltr'><strong>sarcinas</strong></span> <span class='ocrx_word' id='word_1_112' title='bbox 617 1055 864 1107; x_wconf 81' lang='lat' dir='ltr'>diriperent,</span> <span class='ocrx_word' id='word_1_113' title='bbox 886 1055 1132 1095; x_wconf 73' lang='lat' dir='ltr'>clauderent</span> <span class='ocrx_word' id='word_1_114' title='bbox 1153 1055 1307 1095; x_wconf 89' lang='lat' dir='ltr'>deinde</span> <span class='ocrx_word' id='word_1_115' title='bbox 1328 1058 1469 1107; x_wconf 77' lang='lat' dir='ltr'>portas</span> 
     </span>
     <span class='ocr_line' id='line_1_18' title="bbox 168 1115 1466 1166; baseline -0.002 -12"><span class='ocrx_word' id='word_1_116' title='bbox 168 1127 392 1166; x_wconf 86' lang='lat' dir='ltr'>murosque</span> <span class='ocrx_word' id='word_1_117' title='bbox 415 1115 681 1165; x_wconf 78' lang='lat' dir='ltr'>occuparent,</span> <span class='ocrx_word' id='word_1_118' title='bbox 702 1116 752 1152; x_wconf 91' lang='lat' dir='ltr'>ut</span> <span class='ocrx_word' id='word_1_119' title='bbox 773 1116 967 1165; x_wconf 88' lang='lat' dir='ltr'>potentes</span> <span class='ocrx_word' id='word_1_120' title='bbox 984 1127 1124 1152; x_wconf 85' lang='lat' dir='ltr'>rerum</span> <span class='ocrx_word' id='word_1_121' title='bbox 1150 1126 1318 1152; x_wconf 91' lang='lat' dir='ltr'>suarum</span> <span class='ocrx_word' id='word_1_122' title='bbox 1339 1116 1466 1164; x_wconf 68' lang='lat' dir='ltr'>atqua</span> 
     </span>
     <span class='ocr_line' id='line_1_19' title="bbox 168 1169 1470 1223; baseline -0.002 -13"><span class='ocrx_word' id='word_1_123' title='bbox 168 1171 283 1211; x_wconf 87' lang='lat' dir='ltr'>urbis</span> <span class='ocrx_word' id='word_1_124' title='bbox 305 1171 487 1211; x_wconf 74' lang='lat' dir='ltr'>Poenum</span> <span class='ocrx_word' id='word_1_125' title='bbox 522 1170 621 1209; x_wconf 89' lang='lat' dir='ltr'>inde</span> <span class='ocrx_word' id='word_1_126' title='bbox 655 1183 729 1222; x_wconf 91' lang='lat' dir='ltr'>pro</span> <span class='ocrx_word' id='word_1_127' title='bbox 760 1169 949 1209; x_wconf 88' lang='lat' dir='ltr'>Romano</span> <span class='ocrx_word' id='word_1_128' title='bbox 980 1171 1232 1223; x_wconf 84' lang='lat' dir='ltr'>acciperent.</span> <span class='ocrx_word' id='word_1_129' title='bbox 1295 1171 1334 1210; x_wconf 86' lang='lat'>7.</span> <span class='ocrx_word' id='word_1_130' title='bbox 1366 1169 1470 1209; x_wconf 83' lang='lat' dir='ltr'>Haec</span> 
     </span>
     <span class='ocr_line' id='line_1_20' title="bbox 168 1227 1469 1275; baseline -0.002 -8"><span class='ocrx_word' id='word_1_131' title='bbox 168 1228 243 1268; x_wconf 85' lang='lat' dir='ltr'>ubi</span> <span class='ocrx_word' id='word_1_132' title='bbox 284 1229 483 1267; x_wconf 87' lang='lat' dir='ltr'>nuntiata</span> <span class='ocrx_word' id='word_1_133' title='bbox 516 1227 720 1266; x_wconf 86' lang='lat' dir='ltr'>Marcello</span> <span class='ocrx_word' id='word_1_134' title='bbox 762 1231 874 1275; x_wconf 85' lang='lat' dir='ltr'>sunt,</span> <span class='ocrx_word' id='word_1_135' title='bbox 916 1227 1166 1267; x_wconf 88' lang='lat' dir='ltr'>collaudatis</span> <span class='ocrx_word' id='word_1_136' title='bbox 1207 1227 1469 1267; x_wconf 89' lang='lat' dir='ltr'>senatoribus</span> 
     </span>
     <span class='ocr_line' id='line_1_21' title="bbox 167 1283 1470 1338; baseline -0.002 -13"><span class='ocrx_word' id='word_1_137' title='bbox 167 1285 356 1334; x_wconf 87' lang='lat' dir='ltr'>Nolanis,</span> <span class='ocrx_word' id='word_1_138' title='bbox 379 1285 624 1338; x_wconf 77' lang='lat' dir='ltr'>priusquam</span> <span class='ocrx_word' id='word_1_139' title='bbox 645 1284 779 1337; x_wconf 83' lang='lat' dir='ltr'>aliqui</span> <span class='ocrx_word' id='word_1_140' title='bbox 800 1288 939 1324; x_wconf 88' lang='lat' dir='ltr'>motus</span> <span class='ocrx_word' id='word_1_141' title='bbox 960 1286 1005 1324; x_wconf 92' lang='lat' dir='ltr'>in</span> <span class='ocrx_word' id='word_1_142' title='bbox 1032 1285 1132 1324; x_wconf 85' lang='lat' dir='ltr'>urbe</span> <span class='ocrx_word' id='word_1_143' title='bbox 1167 1287 1364 1332; x_wconf 79' lang='lat' dir='ltr'>oreretur,</span> <span class='ocrx_word' id='word_1_144' title='bbox 1385 1283 1470 1324; x_wconf 86' lang='lat' dir='ltr'>for-</span> 
     </span>
     <span class='ocr_line' id='line_1_22' title="bbox 168 1342 1467 1396; baseline -0.002 -14"><span class='ocrx_word' id='word_1_145' title='bbox 168 1349 315 1382; x_wconf 86' lang='lat' dir='ltr'>tunam</span> <span class='ocrx_word' id='word_1_146' title='bbox 339 1356 490 1396; x_wconf 68' lang='lat' dir='ltr'>pugnte</span> <span class='ocrx_word' id='word_1_147' title='bbox 523 1342 705 1394; x_wconf 78' lang='lat' dir='ltr'>experiri</span> <span class='ocrx_word' id='word_1_148' title='bbox 738 1343 903 1381; x_wconf 83' lang='lat' dir='ltr'>statuit.</span> <span class='ocrx_word' id='word_1_149' title='bbox 965 1345 1002 1382; x_wconf 86' lang='lat'>8.</span> <span class='ocrx_word' id='word_1_150' title='bbox 1036 1342 1101 1381; x_wconf 87' lang='lat' dir='ltr'>Ad</span> <span class='ocrx_word' id='word_1_151' title='bbox 1136 1345 1221 1381; x_wconf 90' lang='lat' dir='ltr'>tres</span> <span class='ocrx_word' id='word_1_152' title='bbox 1253 1345 1392 1395; x_wconf 86' lang='lat' dir='ltr'>portas</span> <span class='ocrx_word' id='word_1_153' title='bbox 1423 1342 1467 1380; x_wconf 91' lang='lat' dir='ltr'>in</span> 
     </span>
     <span class='ocr_line' id='line_1_23' title="bbox 168 1399 1469 1452; baseline -0.002 -12"><span class='ocrx_word' id='word_1_154' title='bbox 168 1400 308 1440; x_wconf 88' lang='lat' dir='ltr'>hostes</span> <span class='ocrx_word' id='word_1_155' title='bbox 331 1413 466 1439; x_wconf 72' lang='lat' dir='ltr'>versas</span> <span class='ocrx_word' id='word_1_156' title='bbox 502 1400 721 1452; x_wconf 85' lang='lat' dir='ltr'>tripartito</span> <span class='ocrx_word' id='word_1_157' title='bbox 758 1400 991 1439; x_wconf 78' lang='lat' dir='ltr'>exercitum</span> <span class='ocrx_word' id='word_1_158' title='bbox 1024 1400 1255 1447; x_wconf 76' lang='lat' dir='ltr'>instruxit3</span> <span class='ocrx_word' id='word_1_159' title='bbox 1286 1399 1469 1452; x_wconf 85' lang='lat' dir='ltr'>impedi-</span> 
     </span>
     <span class='ocr_line' id='line_1_24' title="bbox 166 1456 1469 1510; baseline -0.002 -13"><span class='ocrx_word' id='word_1_160' title='bbox 166 1461 311 1497; x_wconf 86' lang='lat' dir='ltr'>menta</span> <span class='ocrx_word' id='word_1_161' title='bbox 351 1457 549 1510; x_wconf 84' lang='lat' dir='ltr'>subsequi</span> <span class='ocrx_word' id='word_1_162' title='bbox 579 1456 722 1509; x_wconf 90' lang='lat' dir='ltr'>jussit,</span> <span class='ocrx_word' id='word_1_163' title='bbox 759 1456 923 1496; x_wconf 86' lang='lat' dir='ltr'>calones</span> <span class='ocrx_word' id='word_1_164' title='bbox 962 1456 1150 1509; x_wconf 80' lang='lat' dir='ltr'>lixasque</span> <span class='ocrx_word' id='word_1_165' title='bbox 1183 1459 1227 1496; x_wconf 89' lang='lat' dir='ltr'>et</span> <span class='ocrx_word' id='word_1_166' title='bbox 1262 1456 1469 1496; x_wconf 78' lang='lat' dir='ltr'>invalidos</span> 
     </span>
     <span class='ocr_line' id='line_1_25' title="bbox 167 1514 1470 1567; baseline -0.001 -13"><span class='ocrx_word' id='word_1_167' title='bbox 167 1515 328 1554; x_wconf 88' lang='lat' dir='ltr'>milites</span> <span class='ocrx_word' id='word_1_168' title='bbox 345 1514 507 1554; x_wconf 71' lang='lat' dir='ltr'>vallum</span> <span class='ocrx_word' id='word_1_169' title='bbox 534 1515 653 1554; x_wconf 88' lang='lat' dir='ltr'>ferre.</span> <span class='ocrx_word' id='word_1_170' title='bbox 715 1514 861 1554; x_wconf 65' lang='lat' dir='ltr'>Media</span> <span class='ocrx_word' id='word_1_171' title='bbox 877 1517 998 1567; x_wconf 70' lang='lat' dir='ltr'>porta</span> <span class='ocrx_word' id='word_1_172' title='bbox 1018 1514 1167 1554; x_wconf 85' lang='lat' dir='ltr'>robora</span> <span class='ocrx_word' id='word_1_173' title='bbox 1188 1514 1403 1567; x_wconf 83' lang='lat' dir='ltr'>legionum</span> <span class='ocrx_word' id='word_1_174' title='bbox 1425 1519 1470 1553; x_wconf 85' lang='lat' dir='ltr'>ct</span> 
     </span>
     <span class='ocr_line' id='line_1_26' title="bbox 169 1571 1469 1625; baseline -0.002 -14"><span class='ocrx_word' id='word_1_175' title='bbox 169 1572 375 1612; x_wconf 86' lang='lat' dir='ltr'>Romanos</span> <span class='ocrx_word' id='word_1_176' title='bbox 411 1573 586 1625; x_wconf 86' lang='lat' dir='ltr'>equites,</span> <span class='ocrx_word' id='word_1_177' title='bbox 628 1571 790 1612; x_wconf 90' lang='lat' dir='ltr'>duabus</span> <span class='ocrx_word' id='word_1_178' title='bbox 830 1572 939 1611; x_wconf 89' lang='lat' dir='ltr'>circa</span> <span class='ocrx_word' id='word_1_179' title='bbox 978 1572 1111 1625; x_wconf 90' lang='lat' dir='ltr'>portis</span> <span class='ocrx_word' id='word_1_180' title='bbox 1143 1585 1269 1612; x_wconf 75' lang='lat' dir='ltr'>novos</span> <span class='ocrx_word' id='word_1_181' title='bbox 1308 1571 1469 1610; x_wconf 79' lang='lat' dir='ltr'>milites</span> 
     </span>
     <span class='ocr_line' id='line_1_27' title="bbox 167 1629 1467 1683; baseline -0.001 -14"><span class='ocrx_word' id='word_1_182' title='bbox 167 1629 387 1683; x_wconf 84' lang='lat' dir='ltr'>levemque</span> <span class='ocrx_word' id='word_1_183' title='bbox 416 1632 673 1669; x_wconf 82' lang='lat' dir='ltr'>armaturam</span> <span class='ocrx_word' id='word_1_184' title='bbox 701 1643 748 1669; x_wconf 89' lang='lat' dir='ltr'>ac</span> <span class='ocrx_word' id='word_1_185' title='bbox 776 1630 983 1670; x_wconf 86' lang='lat' dir='ltr'>sociorum</span> <span class='ocrx_word' id='word_1_186' title='bbox 1009 1630 1174 1682; x_wconf 88' lang='lat' dir='ltr'>equites</span> <span class='ocrx_word' id='word_1_187' title='bbox 1201 1630 1365 1669; x_wconf 83' lang='lat' dir='ltr'>statuit.</span> <span class='ocrx_word' id='word_1_188' title='bbox 1429 1632 1467 1668; x_wconf 88' lang='grc'>9.</span> 
     </span>
     <span class='ocr_line' id='line_1_28' title="bbox 166 1687 1469 1740; baseline -0.002 -13"><span class='ocrx_word' id='word_1_189' title='bbox 166 1687 322 1727; x_wconf 84' lang='lat' dir='ltr'>Nolani</span> <span class='ocrx_word' id='word_1_190' title='bbox 355 1701 496 1727; x_wconf 89' lang='lat' dir='ltr'>muros</span> <span class='ocrx_word' id='word_1_191' title='bbox 529 1690 751 1740; x_wconf 90' lang='lat' dir='ltr'>portasque</span> <span class='ocrx_word' id='word_1_192' title='bbox 781 1687 897 1726; x_wconf 84' lang='lat' dir='ltr'>adire</span> <span class='ocrx_word' id='word_1_193' title='bbox 925 1688 1063 1735; x_wconf 73' lang='lat' dir='ltr'>vetiti,</span> <span class='ocrx_word' id='word_1_194' title='bbox 1091 1687 1357 1739; x_wconf 87' lang='lat' dir='ltr'>subsidiaque</span> <span class='ocrx_word' id='word_1_195' title='bbox 1398 1687 1469 1726; x_wconf 90' lang='lat' dir='ltr'>dc-</span> 
     </span>
     <span class='ocr_line' id='line_1_29' title="bbox 166 1743 1469 1797; baseline -0.002 -13"><span class='ocrx_word' id='word_1_196' title='bbox 166 1745 323 1784; x_wconf 84' lang='lat' dir='ltr'>stinata</span> <span class='ocrx_word' id='word_1_197' title='bbox 344 1744 664 1797; x_wconf 90' lang='lat' dir='ltr'>impedimentis</span> <span class='ocrx_word' id='word_1_198' title='bbox 686 1744 799 1791; x_wconf 86' lang='lat' dir='ltr'>data,</span> <span class='ocrx_word' id='word_1_199' title='bbox 820 1757 872 1783; x_wconf 87' lang='lat' dir='ltr'>nc</span> <span class='ocrx_word' id='word_1_200' title='bbox 895 1745 1107 1797; x_wconf 87' lang='lat' dir='ltr'>occupatis</span> <span class='ocrx_word' id='word_1_201' title='bbox 1125 1743 1273 1797; x_wconf 88' lang='lat' dir='ltr'>proelio</span> <span class='ocrx_word' id='word_1_202' title='bbox 1288 1743 1469 1796; x_wconf 83' lang='lat' dir='ltr'>legioni-</span> 
     </span>
     <span class='ocr_line' id='line_1_30' title="bbox 169 1801 1468 1854; baseline -0.001 -13"><span class='ocrx_word' id='word_1_203' title='bbox 169 1801 242 1841; x_wconf 85' lang='lat' dir='ltr'>bus</span> <span class='ocrx_word' id='word_1_204' title='bbox 263 1803 308 1841; x_wconf 90' lang='lat' dir='ltr'>in</span> <span class='ocrx_word' id='word_1_205' title='bbox 329 1815 376 1841; x_wconf 89' lang='lat' dir='ltr'>ea</span> <span class='ocrx_word' id='word_1_206' title='bbox 398 1803 584 1854; x_wconf 89' lang='lat' dir='ltr'>impetus</span> <span class='ocrx_word' id='word_1_207' title='bbox 605 1801 737 1841; x_wconf 89' lang='lat' dir='ltr'>fieret.</span> <span class='ocrx_word' id='word_1_208' title='bbox 803 1803 866 1841; x_wconf 91' lang='lat'>10.</span> <span class='ocrx_word' id='word_1_209' title='bbox 900 1802 968 1841; x_wconf 92' lang='lat' dir='ltr'>Ita</span> <span class='ocrx_word' id='word_1_210' title='bbox 984 1802 1180 1841; x_wconf 88' lang='lat' dir='ltr'>instructi</span> <span class='ocrx_word' id='word_1_211' title='bbox 1198 1803 1311 1841; x_wconf 86' lang='lat' dir='ltr'>intra</span> <span class='ocrx_word' id='word_1_212' title='bbox 1326 1805 1468 1853; x_wconf 86' lang='lat' dir='ltr'>portas</span> 
     </span>
     <span class='ocr_line' id='line_1_31' title="bbox 165 1855 1466 1912; baseline 0 -14"><span class='ocrx_word' id='word_1_213' title='bbox 165 1855 348 1898; x_wconf 81' lang='lat' dir='ltr'>stabant.</span> <span class='ocrx_word' id='word_1_214' title='bbox 410 1858 643 1899; x_wconf 83' lang='lat' dir='ltr'>Hannibali</span> <span class='ocrx_word' id='word_1_215' title='bbox 680 1858 756 1898; x_wconf 89' lang='lat' dir='ltr'>sub</span> <span class='ocrx_word' id='word_1_216' title='bbox 789 1859 1026 1911; x_wconf 78' lang='lat' dir='ltr'>signis—id</span> <span class='ocrx_word' id='word_1_217' title='bbox 1055 1859 1168 1912; x_wconf 91' lang='lat' dir='ltr'>quod</span> <span class='ocrx_word' id='word_1_218' title='bbox 1201 1872 1274 1911; x_wconf 90' lang='lat' dir='ltr'>per</span> <span class='ocrx_word' id='word_1_219' title='bbox 1304 1859 1466 1911; x_wconf 86' lang='lat' dir='ltr'>aliquot</span> 
     </span>
     <span class='ocr_line' id='line_1_32' title="bbox 165 1916 1467 1969; baseline -0.002 -13"><span class='ocrx_word' id='word_1_220' title='bbox 165 1916 255 1956; x_wconf 87' lang='lat' dir='ltr'>dies</span> <span class='ocrx_word' id='word_1_221' title='bbox 296 1916 566 1956; x_wconf 87' lang='lat' dir='ltr'>fecerat—ad</span> <span class='ocrx_word' id='word_1_222' title='bbox 600 1916 787 1956; x_wconf 91' lang='lat' dir='ltr'>multum</span> <span class='ocrx_word' id='word_1_223' title='bbox 829 1917 914 1956; x_wconf 88' lang='lat' dir='ltr'>dici</span> <span class='ocrx_word' id='word_1_224' title='bbox 956 1918 1001 1956; x_wconf 91' lang='lat' dir='ltr'>in</span> <span class='ocrx_word' id='word_1_225' title='bbox 1034 1917 1125 1956; x_wconf 90' lang='lat' dir='ltr'>acie</span> <span class='ocrx_word' id='word_1_226' title='bbox 1158 1916 1289 1956; x_wconf 86' lang='lat' dir='ltr'>stanti</span> <span class='ocrx_word' id='word_1_227' title='bbox 1330 1917 1467 1969; x_wconf 59' lang='lat' dir='ltr'>prim&amp;</span> 
     </span>
     <span class='ocr_line' id='line_1_33' title="bbox 165 1973 1468 2026; baseline 0 -13"><span class='ocrx_word' id='word_1_228' title='bbox 165 1973 370 2013; x_wconf 83' lang='lat' dir='ltr'>miraculo</span> <span class='ocrx_word' id='word_1_229' title='bbox 403 1987 504 2021; x_wconf 87' lang='lat' dir='ltr'>esse,</span> <span class='ocrx_word' id='word_1_230' title='bbox 554 1973 666 2026; x_wconf 77' lang='lat' dir='ltr'>quod</span> <span class='ocrx_word' id='word_1_231' title='bbox 715 1987 792 2013; x_wconf 92' lang='lat' dir='ltr'>nec</span> <span class='ocrx_word' id='word_1_232' title='bbox 841 1975 1050 2014; x_wconf 79' lang='lat' dir='ltr'>exercitus</span> <span class='ocrx_word' id='word_1_233' title='bbox 1090 1973 1306 2013; x_wconf 83' lang='lat' dir='ltr'>Romanus</span> <span class='ocrx_word' id='word_1_234' title='bbox 1347 1978 1468 2026; x_wconf 62' lang='lat' dir='ltr'>porta-t</span> 
     </span>
     <span class='ocr_line' id='line_1_34' title="bbox 163 2031 1466 2084; baseline 0 -14"><span class='ocrx_word' id='word_1_235' title='bbox 163 2031 448 2084; x_wconf 86' lang='lat' dir='ltr'>egrederetur,</span> <span class='ocrx_word' id='word_1_236' title='bbox 471 2044 548 2070; x_wconf 86' lang='lat' dir='ltr'>nec</span> <span class='ocrx_word' id='word_1_237' title='bbox 569 2033 755 2070; x_wconf 72' lang='lat' dir='ltr'>armatus</span> <span class='ocrx_word' id='word_1_238' title='bbox 775 2032 999 2084; x_wconf 89' lang='lat' dir='ltr'>quisquam</span> <span class='ocrx_word' id='word_1_239' title='bbox 1021 2032 1065 2070; x_wconf 90' lang='lat' dir='ltr'>in</span> <span class='ocrx_word' id='word_1_240' title='bbox 1087 2032 1221 2071; x_wconf 88' lang='lat' dir='ltr'>muris</span> <span class='ocrx_word' id='word_1_241' title='bbox 1238 2034 1346 2071; x_wconf 89' lang='lat' dir='ltr'>esset</span> <span class='ocrx_word' id='word_1_242' title='bbox 1365 2047 1375 2080; x_wconf 92' lang='lat'>;</span> <span class='ocrx_word' id='word_1_243' title='bbox 1402 2034 1466 2070; x_wconf 89' lang='grc'>11.</span> 
     </span>
     <span class='ocr_line' id='line_1_35' title="bbox 164 2088 1468 2142; baseline 0 -14"><span class='ocrx_word' id='word_1_244' title='bbox 164 2091 280 2128; x_wconf 81' lang='lat' dir='ltr'>ratus</span> <span class='ocrx_word' id='word_1_245' title='bbox 314 2088 467 2128; x_wconf 86' lang='lat' dir='ltr'>deinde</span> <span class='ocrx_word' id='word_1_246' title='bbox 503 2088 672 2142; x_wconf 88' lang='lat' dir='ltr'>prodita</span> <span class='ocrx_word' id='word_1_247' title='bbox 702 2088 909 2141; x_wconf 89' lang='lat' dir='ltr'>colloquia</span> <span class='ocrx_word' id='word_1_248' title='bbox 950 2103 1037 2128; x_wconf 85' lang='lat' dir='ltr'>esse</span> <span class='ocrx_word' id='word_1_249' title='bbox 1066 2092 1268 2141; x_wconf 89' lang='lat' dir='ltr'>metuque</span> <span class='ocrx_word' id='word_1_250' title='bbox 1310 2089 1468 2128; x_wconf 87' lang='lat' dir='ltr'>resides</span> 
     </span>
     <span class='ocr_line' id='line_1_36' title="bbox 164 2145 1469 2200; baseline 0.001 -15"><span class='ocrx_word' id='word_1_251' title='bbox 164 2145 310 2194; x_wconf 86' lang='lat' dir='ltr'>factos,</span> <span class='ocrx_word' id='word_1_252' title='bbox 331 2150 496 2199; x_wconf 83' lang='lat' dir='ltr'>partem</span> <span class='ocrx_word' id='word_1_253' title='bbox 518 2145 706 2185; x_wconf 89' lang='lat' dir='ltr'>militum</span> <span class='ocrx_word' id='word_1_254' title='bbox 722 2147 766 2185; x_wconf 90' lang='lat' dir='ltr'>in</span> <span class='ocrx_word' id='word_1_255' title='bbox 781 2149 915 2185; x_wconf 89' lang='lat' dir='ltr'>castra</span> <span class='ocrx_word' id='word_1_256' title='bbox 932 2147 1132 2195; x_wconf 86' lang='lat' dir='ltr'>remittit,</span> <span class='ocrx_word' id='word_1_257' title='bbox 1143 2146 1276 2198; x_wconf 89' lang='lat' dir='ltr'>jussos</span> <span class='ocrx_word' id='word_1_258' title='bbox 1292 2159 1469 2200; x_wconf 84' lang='lat' dir='ltr'>propere</span> 
     </span>
     <span class='ocr_line' id='line_1_37' title="bbox 161 2203 1468 2257; baseline 0.001 -15"><span class='ocrx_word' id='word_1_259' title='bbox 161 2207 414 2256; x_wconf 88' lang='lat' dir='ltr'>apparatum</span> <span class='ocrx_word' id='word_1_260' title='bbox 435 2217 604 2243; x_wconf 89' lang='lat' dir='ltr'>omnem</span> <span class='ocrx_word' id='word_1_261' title='bbox 625 2203 918 2256; x_wconf 69' lang='lat' dir='ltr'>oppugnandae</span> <span class='ocrx_word' id='word_1_262' title='bbox 935 2203 1108 2243; x_wconf 88' lang='lat' dir='ltr'>urbisin</span> <span class='ocrx_word' id='word_1_263' title='bbox 1131 2204 1312 2257; x_wconf 91' lang='lat' dir='ltr'>primam</span> <span class='ocrx_word' id='word_1_264' title='bbox 1334 2205 1468 2244; x_wconf 83' lang='lat' dir='ltr'>aciem</span> 
     </span>
     <span class='ocr_line' id='line_1_38' title="bbox 161 2259 1466 2309; baseline 0.002 -10"><span class='ocrx_word' id='word_1_265' title='bbox 161 2260 339 2309; x_wconf 87' lang='lat' dir='ltr'>adferre,</span> <span class='ocrx_word' id='word_1_266' title='bbox 362 2259 461 2301; x_wconf 85' lang='lat' dir='ltr'>satis</span> <span class='ocrx_word' id='word_1_267' title='bbox 483 2261 628 2308; x_wconf 88' lang='lat' dir='ltr'>fidens,</span> <span class='ocrx_word' id='word_1_268' title='bbox 645 2262 679 2300; x_wconf 93' lang='lat' dir='ltr'>si</span> <span class='ocrx_word' id='word_1_269' title='bbox 702 2260 1000 2300; x_wconf 85' lang='lat' dir='ltr'>cunctantibus</span> <span class='ocrx_word' id='word_1_270' title='bbox 1017 2262 1208 2309; x_wconf 85' lang='lat' dir='ltr'>instaret,</span> <span class='ocrx_word' id='word_1_271' title='bbox 1231 2261 1466 2301; x_wconf 88' lang='lat' dir='ltr'>tumultum</span> 
     </span>
     <span class='ocr_line' id='line_1_39' title="bbox 162 2316 1469 2371; baseline 0.001 -14"><span class='ocrx_word' id='word_1_272' title='bbox 162 2316 348 2370; x_wconf 87' lang='lat' dir='ltr'>aliquem</span> <span class='ocrx_word' id='word_1_273' title='bbox 371 2319 413 2357; x_wconf 87' lang='lat' dir='ltr'>in</span> <span class='ocrx_word' id='word_1_274' title='bbox 446 2318 549 2358; x_wconf 82' lang='lat' dir='ltr'>urbe</span> <span class='ocrx_word' id='word_1_275' title='bbox 581 2317 750 2371; x_wconf 89' lang='lat' dir='ltr'>plebem</span> <span class='ocrx_word' id='word_1_276' title='bbox 783 2322 1006 2358; x_wconf 81' lang='lat' dir='ltr'>moturam.</span> <span class='ocrx_word' id='word_1_277' title='bbox 1072 2321 1136 2358; x_wconf 85' lang='lat'>12.</span> <span class='ocrx_word' id='word_1_278' title='bbox 1169 2319 1283 2358; x_wconf 92' lang='lat' dir='ltr'>Dum</span> <span class='ocrx_word' id='word_1_279' title='bbox 1316 2320 1361 2358; x_wconf 91' lang='lat' dir='ltr'>in</span> <span class='ocrx_word' id='word_1_280' title='bbox 1395 2333 1469 2359; x_wconf 88' lang='lat' dir='ltr'>sua</span> 
     </span>
     <span class='ocr_line' id='line_1_40' title="bbox 161 2375 1467 2429; baseline 0.001 -15"><span class='ocrx_word' id='word_1_281' title='bbox 161 2375 340 2427; x_wconf 90' lang='lat' dir='ltr'>quisque</span> <span class='ocrx_word' id='word_1_282' title='bbox 371 2376 610 2416; x_wconf 85' lang='lat' dir='ltr'>ministeria</span> <span class='ocrx_word' id='word_1_283' title='bbox 643 2375 835 2415; x_wconf 89' lang='lat' dir='ltr'>discursu</span> <span class='ocrx_word' id='word_1_284' title='bbox 864 2376 1051 2429; x_wconf 75' lang='lat' dir='ltr'>trepidat</span> <span class='ocrx_word' id='word_1_285' title='bbox 1082 2377 1135 2416; x_wconf 87' lang='lat' dir='ltr'>ad</span> <span class='ocrx_word' id='word_1_286' title='bbox 1177 2377 1313 2429; x_wconf 90' lang='lat' dir='ltr'>prima</span> <span class='ocrx_word' id='word_1_287' title='bbox 1346 2378 1467 2429; x_wconf 79' lang='lat' dir='ltr'>signa</span> 
     </span>
     <span class='ocr_line' id='line_1_41' title="bbox 161 2432 1468 2488; baseline 0.003 -17"><span class='ocrx_word' id='word_1_288' title='bbox 161 2432 430 2485; x_wconf 85' lang='lat' dir='ltr'>succeditque</span> <span class='ocrx_word' id='word_1_289' title='bbox 467 2434 519 2473; x_wconf 87' lang='lat' dir='ltr'>ad</span> <span class='ocrx_word' id='word_1_290' title='bbox 554 2446 695 2473; x_wconf 83' lang='lat' dir='ltr'>muros</span> <span class='ocrx_word' id='word_1_291' title='bbox 726 2434 849 2482; x_wconf 85' lang='lat' dir='ltr'>acics,</span> <span class='ocrx_word' id='word_1_292' title='bbox 885 2434 1096 2487; x_wconf 59' lang='lat' dir='ltr'>patefacta-1</span> <span class='ocrx_word' id='word_1_293' title='bbox 1132 2437 1305 2488; x_wconf 90' lang='lat' dir='ltr'>repente</span> <span class='ocrx_word' id='word_1_294' title='bbox 1347 2439 1468 2488; x_wconf 62' lang='lat' dir='ltr'>porta</span> 
     </span>
    </p>
   </div>
  </div>
 </body>
</html>
