1663 2718
156 140 208 180 18
450 139 562 177 T1T1
599 139 739 177 LIVII
775 136 1172 177 HISTORIARUM

159 250 342 302 uniz'ique
364 262 449 289 sese
471 249 627 289 exsolvi
643 249 875 302 jussurum.
935 251 976 288 4.
1008 248 1071 288 Ea
1091 261 1163 288 sex
1181 246 1320 287 millia
1339 247 1463 287 hom-

157 308 280 346 inum
302 306 479 346 Gallicis
501 306 660 359 spoliis,
676 320 769 359 quae
785 306 1002 359 triumpho
1025 305 1069 346 C.
1087 305 1292 344 Flaminii
1308 304 1463 344 tralata

155 367 292 412 erant,
323 364 527 411 armavit3
563 365 708 416 itaque
739 377 836 403 cum
866 364 1023 415 viginti
1055 363 1243 415 quinque
1270 361 1463 402 millibus

156 424 417 461 armatorum
438 421 490 460 ab
510 421 612 461 urbe
633 421 924 474 proficiscitur.

219 481 258 518 5.
290 478 523 526 Hannibal,
566 478 705 531 Capua
746 482 926 531 recept-51,
971 491 1104 530 quum
1153 478 1311 517 iterum
1351 476 1465 516 Nea-

160 536 448 589 politanorum
478 537 640 576 animos
671 537 829 588 partim
859 549 943 588 spe,
971 536 1129 587 partim
1163 538 1285 574 metu
1313 535 1465 587 nequi-

157 607 288 646 quam
340 593 601 645 temptasset,
652 594 694 632 in
757 606 907 645 agrum
965 592 1181 632 Nolanum
1231 592 1465 631 exercitum

162 651 368 699 traducit,
433 652 470 689 b'.
519 654 569 689 ut
622 663 706 689 non
756 650 970 689 hostiliter
1020 651 1180 696 statim,
1230 650 1331 701 quia
1379 662 1466 688 non

160 708 409 759 desperabat
439 707 722 746 voluntariam
753 708 1026 755 deditionem,
1048 707 1123 755 ita,
1146 707 1181 745 si
1202 709 1466 745 morarentur

160 779 292 817 spem,
333 764 445 803 nihil
495 778 652 812 eorum,
692 777 787 816 quae
835 765 925 816 pati
974 767 1050 802 aut
1089 764 1241 802 timere
1281 765 1466 815 possent,

163 823 530 874 praetermissurus.
594 822 632 862 7.
664 821 844 861 Senatus
869 835 917 860 ac
942 822 1126 859 maxime
1152 821 1355 873 primores
1376 819 1467 873 ejus

164 881 208 918 in
237 880 438 918 societate
466 879 655 918 Romanii
691 892 789 918 cum
821 878 903 918 fide
938 882 1148 930 perstare3
1188 877 1308 930 plebs
1336 890 1466 917 nova-

163 951 272 985 rum,
309 940 374 989 ut*
398 936 518 983 solet,
558 950 699 975 rerum
738 948 867 989 atque
917 935 1172 974 Hannibalis
1222 938 1314 974 tota
1364 948 1466 984 esse,

163 998 412 1046 metumque
448 1007 643 1046 agrorum
678 992 966 1046 populationis
1002 996 1046 1032 et
1080 993 1282 1045 patienda
1313 993 1359 1031 in
1395 992 1463 1031 ob-

163 1052 327 1091 sidione
370 1051 508 1090 multa
547 1052 692 1103 gravia
732 1051 991 1103 indignaque
1041 1063 1270 1102 proponere
1311 1050 1467 1089 animo.

166 1112 204 1149 8.
252 1109 399 1160 Neque
439 1112 628 1147 auctores
668 1109 918 1148 defectionis
959 1108 1144 1147 deerant.
1204 1107 1356 1160 Itaque
1392 1107 1468 1146 ubi

164 1169 361 1205 senatum
393 1169 530 1204 metus
571 1167 698 1217 cepit,
735 1166 769 1204 si
804 1165 1021 1218 propalam
1055 1165 1292 1213 tenderent,
1330 1165 1469 1204 resisti

164 1223 435 1262 multitudini
477 1223 699 1262 concitatae
731 1236 813 1261 non
847 1236 977 1276 posse,
1014 1222 1195 1261 secunda
1230 1222 1467 1261 simulando

163 1280 414 1319 dilationem
454 1280 557 1318 mali
597 1280 836 1319 inveniunt.
932 1282 970 1319 9.
1016 1279 1187 1318 Placere
1227 1281 1343 1319 enim
1387 1279 1470 1319 sibi

164 1338 448 1377 defectionem
484 1337 537 1376 ad
575 1337 858 1376 Hannibalem
890 1337 1108 1385 simulant,
1137 1337 1292 1389 quibus
1324 1340 1468 1377 autem

164 1395 480 1434 conditioni-bus
516 1395 562 1434 in
602 1395 736 1434 foedus
777 1395 1097 1446 amicitiamque
1137 1407 1290 1434 novam
1330 1397 1468 1434 trans-

163 1456 277 1501 eant,
298 1466 447 1505 parum
481 1455 681 1491 constare.
747 1455 811 1491 10.
848 1452 916 1491 Ita
937 1453 1072 1504 spatio
1106 1455 1274 1504 sumpto
1306 1451 1468 1504 legatos

165 1524 339 1563 propere
360 1510 413 1548 ad
435 1513 658 1562 praetorem
680 1510 930 1558 Romanum,
952 1509 1205 1549 Marcellum
1227 1509 1467 1558 Claudium,

162 1568 238 1620 qui
280 1567 454 1607 Casilini
491 1581 586 1606 cum
617 1569 804 1606 exercitu
844 1571 946 1615 erat,
979 1568 1177 1615 mittunt,
1218 1567 1466 1620 docentque,

162 1628 321 1678 quanto
344 1625 389 1663 in
411 1625 654 1663 discrimine
676 1626 732 1664 sit
752 1625 917 1664 Nolana
938 1638 1024 1664 res:
1047 1638 1197 1677 agrum
1213 1624 1467 1664 Hannibalis

162 1696 251 1722 esse
284 1686 328 1721 et
360 1682 603 1730 Poenorum,
626 1682 772 1721 urbem
807 1682 1017 1734 extemplo
1051 1683 1253 1729 futuram,
1288 1683 1335 1721 ni
1371 1683 1468 1722 sub-

162 1740 370 1779 veniatur.
437 1742 500 1778 11.
534 1739 807 1779 Concedendo
836 1739 973 1792 plebei
999 1743 1207 1786 senatum,
1228 1739 1302 1778 ubi
1334 1739 1468 1779 velint

161 1797 400 1836 defecturos
451 1810 506 1845 se,
548 1811 600 1836 ne
650 1797 825 1836 deficere
875 1797 1227 1849 praefestinarent,
1269 1797 1466 1837 effecisse.

166 1857 231 1893 12.
264 1854 505 1902 Marcellus,
527 1854 778 1894 collaudatis
809 1855 998 1903 Nolanis,
1020 1855 1167 1894 eadem
1197 1854 1468 1895 simulatione

159 1912 328 1951 extrahi
350 1925 438 1950 rem
467 1912 511 1950 in
534 1925 657 1950 suum
678 1913 910 1951 adventum
934 1912 1089 1964 jussit3
1120 1913 1294 1951 interim
1326 1912 1468 1961 celari,

159 1982 256 2021 quae
272 1982 412 2007 secum
435 1972 528 2007 aeta
542 1973 679 2008 essent
700 1983 899 2022 spemque
916 1983 1084 2009 omnem
1100 1970 1250 2008 auxilii
1272 1969 1466 2010 Romani.

165 2029 230 2066 13.
263 2026 358 2079 Ipse
380 2040 404 2065 a
427 2026 610 2066 Casilino
628 2026 836 2067 Caiatiam
858 2028 983 2080 petit,
997 2031 1125 2079 atque
1147 2027 1245 2066 inde
1259 2027 1468 2067 Volturno

158 2084 276 2123 amni
318 2084 495 2136 trajecto
537 2098 693 2137 perque
737 2098 886 2137 agrum
932 2083 1224 2124 Saticulanum
1264 2084 1470 2124 Trebula-

161 2155 346 2194 numque
369 2155 494 2196 super
514 2141 756 2181 Suessulam
778 2156 849 2195 per
871 2146 1036 2182 montes
1057 2141 1210 2181 Nolam
1233 2143 1442 2195 pervenit.
