1663 2718
457 132 624 170 LIBER
656 131 818 170 XXIII.
873 132 992 170 CAP.
1029 131 1188 170 XXIII.
1423 134 1472 172 31

171 242 518 290 obliviscendum,
539 256 614 295 pro
635 255 719 282 non
751 242 866 282 dicto
881 242 1122 282 habendum
1143 255 1244 283 esse.
1295 242 1364 282 Ita
1385 242 1476 296 ejus

169 300 232 340 rei
252 313 467 353 oppresssa
494 301 655 339 mentio
683 303 760 339 est.
825 302 889 339 10.
921 299 1200 347 Dictatorem,
1235 301 1309 353 qui
1331 313 1476 340 censor

170 360 270 397 ante
291 358 439 397 fuisset
459 358 856 409 vetustissimusque
878 371 930 396 ex
958 358 1032 405 eis,
1053 358 1128 410 qui
1149 358 1358 407 viverent,
1379 370 1477 397 cen-

170 415 291 454 soriis
309 419 431 463 esset,
456 415 587 454 creari
618 413 794 467 placuit,
818 415 893 467 qui
907 418 1100 454 senatum
1125 414 1302 467 legeret,
1330 416 1476 454 acciri-

169 485 253 524 que
283 471 328 513 C.
361 472 609 511 Terentium
640 471 854 511 consulem
884 472 938 511 ad
967 472 1219 511 dictatorem
1250 472 1476 512 dicendum

165 529 395 583 jusserunt.
461 531 525 568 11.
557 529 641 576 Qui
681 542 733 568 ex
772 529 941 581 Apulia,
977 529 1125 568 relicto
1166 529 1228 569 ibi
1268 529 1476 582 pracsidio,

169 599 304 639 quum
373 587 538 640 magnis
589 586 816 626 itineribus
867 586 1047 626 Romam
1109 587 1301 635 redisset,
1351 591 1476 626 nocte

171 645 381 697 proxima,
396 649 445 683 ut
461 658 550 684 mos
568 648 673 692 erat,
685 644 748 683 M.
770 643 954 683 Fabium
976 644 1215 684 Buteonem
1236 658 1287 684 ex
1307 647 1477 683 senati-is

171 701 364 741 consulto
405 703 496 741 sine
538 702 740 755 magistro
781 702 977 754 equitum
1029 701 1283 742 dictatorem
1330 702 1376 741 in
1407 714 1478 741 sex

170 771 333 799 menses
353 759 477 798 dixit.

578 957 844 997 CHAPTER
884 957 1055 996 XXIII.

171 1046 243 1078 'rho
257 1046 415 1083 Dictator,
433 1047 479 1077 M.
496 1047 617 1077 Fabius
629 1047 742 1083 Buteo,
759 1046 910 1087 appoints
930 1048 989 1080 170
1006 1057 1075 1077 new
1086 1046 1249 1082 Senators,
1267 1046 1331 1077 and
1347 1046 1479 1078 immed-

215 1090 316 1131 iately
339 1090 504 1121 abdicates
533 1090 584 1120 his
608 1090 713 1121 Office.
760 1089 899 1121 General
915 1089 1071 1131 approval
1086 1089 1122 1120 of
1142 1089 1192 1120 his
1215 1089 1383 1121 Selection.
1428 1090 1481 1122 He

215 1133 245 1165 is
259 1133 437 1165 conducted
450 1133 554 1164 Home
571 1133 614 1174 by
630 1133 685 1164 the
700 1132 821 1174 People
837 1133 870 1163 in
887 1132 975 1174 large
991 1132 1269 1165 Numera—ns.
1285 1135 1356 1165 216.

235 1213 272 1251 1.
303 1211 515 1250 Dmmrou
547 1211 620 1250 ubi
656 1224 753 1250 cum
783 1210 1003 1250 lictoribus
1038 1211 1083 1249 in
1114 1213 1248 1251 rostra
1278 1212 1478 1261 escendit,

174 1282 312 1322 neque
348 1269 452 1308 duos
486 1269 713 1308 dictatores
745 1275 934 1321 tempore
969 1281 1066 1317 uno,
1107 1269 1221 1321 quod
1259 1282 1479 1322 nunquam

172 1329 301 1366 antea
330 1327 491 1365 factum
524 1329 644 1374 essct,
678 1325 852 1379 probare
889 1339 931 1364 se
962 1326 1098 1373 dixit3
1142 1329 1180 1365 2.
1213 1340 1350 1379 neque
1392 1328 1480 1367 dic-

173 1387 356 1424 tatorem
378 1398 420 1423 se
447 1385 536 1423 sinc
558 1385 760 1436 magistro
782 1383 1002 1435 equitum3
1034 1396 1111 1422 nec
1139 1385 1369 1424 censoriam
1391 1386 1480 1424 vim

174 1442 250 1481 uni
271 1442 531 1495 permissam,
554 1447 597 1480 et
619 1441 758 1480 eidem
779 1441 962 1488 iterum3
984 1454 1062 1479 nec
1083 1440 1297 1490 dictatori,
1313 1442 1396 1481 nisi
1417 1443 1480 1481 rei

173 1499 369 1552 gerendae
391 1503 513 1538 causx‘z
539 1503 693 1546 creato,
718 1500 763 1537 in
786 1512 855 1537 sex
881 1511 1043 1537 menscs
1065 1498 1213 1537 datum
1234 1499 1478 1552 imperium.

175 1560 215 1596 3.
248 1556 350 1604 Quae
374 1557 654 1596 immoderata
674 1557 771 1604 fors,
793 1560 960 1608 tempus
985 1569 1033 1594 ac
1063 1557 1290 1596 necessitas
1317 1557 1480 1605 feccrit,

174 1615 241 1654 his
290 1628 332 1654 se
382 1615 556 1654 modum
608 1615 923 1667 impositurum.
1004 1613 1114 1652 Nam
1154 1627 1291 1666 neque
1331 1617 1482 1654 senatu

175 1685 434 1725 quemquam
475 1677 693 1710 moturum
733 1685 783 1711 ex
828 1672 896 1717 iis,
937 1684 1041 1723 quos
1083 1670 1126 1710 C.
1162 1671 1399 1711 Flaminius
1430 1672 1478 1711 L.

174 1729 377 1769 AEmilius
408 1743 596 1768 censores
628 1730 670 1767 in
703 1734 896 1768 senatum
928 1727 1153 1780 legissentg
1185 1731 1224 1768 4.
1258 1729 1482 1768 transcribi

174 1789 346 1826 tant-sim
395 1787 650 1839 recitarique
701 1800 770 1825 eos
809 1786 1042 1837 jussurum,
1082 1799 1135 1825 ne
1176 1799 1303 1839 penes
1347 1799 1482 1825 unum

175 1845 393 1884 hominem
418 1844 634 1896 judicium
665 1843 978 1895 arbitriumque
1009 1843 1061 1882 de
1084 1843 1196 1883 fama
1215 1857 1264 1883 ac
1293 1844 1481 1883 moribus

175 1903 380 1942 senatoris
412 1903 572 1948 fuerit3
605 1905 649 1940 et
678 1902 741 1940 ita
770 1902 815 1940 in
851 1901 1170 1940 demortuorum
1207 1901 1349 1940 locum
1384 1901 1482 1940 sub-

176 1959 403 2008 lecturum,
426 1963 476 1998 ut
506 1959 607 1998 ordo
639 1959 794 2006 ordini,
815 1971 900 1997 non
932 1958 1057 1997 homo
1089 1959 1252 1998 homini
1282 1959 1484 2011 praelatus

175 2017 406 2057 videretur.
469 2019 507 2056 5.
540 2017 734 2056 Recitato
766 2019 906 2056 vetere
938 2019 1099 2065 senatu,
1122 2017 1220 2055 inde
1247 2018 1406 2069 primos
1438 2018 1482 2055 in

175 2074 497 2114 demortuorum
527 2074 668 2113 locum
704 2074 826 2127 legit,
857 2073 932 2126 qui
969 2077 1063 2126 post
1099 2074 1147 2113 L.
1176 2074 1403 2113 AEmilium
1437 2073 1481 2114 C.

176 2132 442 2172 Flaminium
476 2145 666 2172 censores
703 2131 893 2171 curulem
926 2131 1226 2183 magistratum
1259 2132 1483 2185 cepissent,

175 2190 357 2230 necdum
390 2191 435 2229 in
466 2194 662 2229 senatum
703 2189 804 2229 lecti
846 2192 998 2236 essent,
1029 2193 1078 2228 ut
1117 2190 1296 2242 quisque
1337 2201 1483 2229 eorum

176 2248 339 2300 primus
388 2255 554 2287 creatus
603 2252 694 2287 erat
803 2247 841 2286 6.
892 2249 986 2285 tum
1036 2246 1156 2299 legit,
1201 2247 1276 2300 qui
1327 2245 1482 2295 aed'rles,

177 2305 340 2344 tribuni
372 2304 509 2358 plebis
541 2309 820 2358 quaestoresve
858 2304 1051 2351 fuerant;
1094 2308 1188 2344 tum
1224 2318 1276 2344 ex
1310 2306 1376 2353 iis,
1408 2305 1484 2357 qui

176 2363 449 2415 magistratus
489 2362 680 2402 minores
721 2363 942 2415 cepissent,
983 2363 1056 2413 qui
1097 2362 1230 2415 spolia
1268 2376 1322 2402 ex
1363 2363 1484 2401 hoste

177 2419 258 2459 fixa
286 2419 401 2459 domi
434 2420 640 2460 haberent
669 2424 746 2459 aut
775 2420 956 2459 civicam
985 2433 1181 2459 coronam
1212 2421 1481 2473 accepissent.
