1663 2718
0 2635 27 2718 ΠΊΓ
3 2615 6 2622 ”

471 133 638 171 LIBER.
673 132 817 169 xxm
887 132 1002 170 CAP.
1035 133 1149 170 VIII.
1439 136 1461 172 9

155 245 333 293 iturum,
354 257 432 283 nec
453 244 568 283 enim
590 242 822 282 Hannibali
839 242 911 295 jus
942 256 1028 281 csse
1061 243 1105 282 in
1127 243 1262 282 civem
1287 243 1461 296 Campa-

154 314 273 350 num,
314 301 551 340 concitatus
592 300 655 338 irai
704 299 860 339 Poenus
901 300 1200 352 comprehendi
1245 301 1459 339 hominem

154 359 431 411 vinctumque
452 357 620 397 adtrahi
642 357 695 396 ad
717 370 803 396 sese
824 356 966 409 jussit.
1029 360 1068 396 S.
1102 357 1272 396 Veritus
1294 358 1460 406 deinde,

154 429 208 456 ne
238 415 342 468 quid
381 415 497 454 inter
537 415 623 453 vim
664 414 877 453 tumultus
917 418 1045 467 atque
1085 428 1135 454 ex
1177 416 1460 454 concitatione

154 473 392 512 animorum
428 471 657 511 inconsulti
710 472 952 511 certaminis
986 476 1187 520 oreretur,
1228 473 1317 524 ipse
1358 486 1462 525 pra}-

154 531 281 569 misso
302 529 455 569 nuntio
490 529 544 568 ad
581 528 768 568 Marium
804 527 1016 568 Blossium
1038 533 1259 581 praetorem
1283 529 1462 582 Campa-

156 600 273 635 num,
306 590 472 640 postero
514 586 582 626 die
616 599 658 626 se
693 585 845 639 Capuae
886 587 1093 633 futurum,
1126 586 1407 639 proficiscitur
1439 601 1461 626 e

155 645 302 684 castris
343 657 440 683 cum
480 644 646 683 modico
696 644 903 696 praesidio.
987 646 1024 683 9.
1057 643 1220 683 Marius
1261 645 1460 683 concione

154 702 359 741 advocata
381 701 526 750 edicit,
547 704 596 740 ut
609 701 851 753 frequentes
869 715 964 740 cum
982 701 1233 753 conjugibus
1255 715 1301 741 ac
1317 701 1461 741 liberis

156 759 326 798 obviam
339 759 453 798 irent
466 758 715 798 Hannibali.
757 758 822 798 Ab
837 759 1042 798 universis
1059 759 1102 798 id
1117 772 1199 798 non
1215 759 1462 798 obedienter

155 816 294 864 modo,
316 816 388 856 sed
410 817 548 864 enixe,
584 815 725 855 favore
761 817 892 855 etiam
926 815 1042 868 volgi
1068 820 1111 855 et
1134 816 1274 856 studio
1296 817 1460 855 visendi

121 884 124 887 ·
154 876 221 912 tot,
235 873 328 925 jam
350 873 539 912 victoriis
557 872 716 911 clarum
738 873 1050 925 imperatorem,
1066 874 1227 912 factum
1250 877 1326 913 est.
1393 876 1459 912 10.

154 930 309 970 Decius
349 929 522 981 Magius
563 943 640 969 nec
682 930 849 969 obviam
891 944 1080 982 egressus
1131 934 1195 969 est
1246 944 1336 979 nec,
1377 931 1460 982 quo

154 988 353 1026 timorem
393 987 581 1039 aliquem
633 1000 683 1026 ex
734 988 991 1026 conscientifi
1031 987 1268 1040 significare
1310 992 1462 1040 posset,

154 1045 320 1097 privato
342 1057 385 1083 se
407 1045 574 1084 tenuit:
598 1045 642 1083 in
664 1044 753 1084 foro
769 1058 865 1083 cum
887 1044 976 1084 filio
994 1044 1303 1097 clientibusque
1320 1044 1462 1097 paucis

153 1103 288 1142 otiose
315 1101 615 1149 inambulavit,
644 1102 884 1154 trepidante
914 1105 1006 1142 tot-5.
1041 1103 1215 1142 civitate
1238 1102 1290 1141 ad
1322 1104 1463 1154 excip-

154 1159 333 1199 iendum
368 1159 550 1199 Poenum
573 1160 890 1211 visendumque.
956 1162 1020 1198 11.
1053 1160 1271 1199 Hannibal
1305 1161 1464 1213 ingres-

154 1230 224 1256 sus
246 1217 393 1256 urbem
425 1220 619 1256 senatum
645 1217 857 1269 extemplo
885 1217 1085 1269 postulat,
1107 1217 1462 1270 precantibusque

154 1274 255 1314 inde
278 1274 534 1326 primoribus
556 1273 881 1326 Campanorum,
902 1287 955 1313 ne
977 1275 1081 1327 quid
1103 1288 1151 1314 eo
1173 1275 1242 1314 die
1265 1275 1381 1314 seriae
1403 1276 1462 1314 rei

155 1335 338 1383 gereret,
368 1331 564 1383 diemque
586 1335 636 1371 ut
657 1333 746 1384 ipse
767 1331 953 1371 adventu
982 1345 1053 1371 suo
1086 1332 1241 1371 festum
1263 1332 1386 1372 laetus
1416 1345 1463 1370 ac

154 1388 292 1428 libens
333 1388 579 1437 celebraret,
616 1391 680 1428 12.
713 1402 969 1441 quamquam
1005 1402 1187 1442 prreceps
1214 1390 1387 1442 ingenio
1419 1390 1463 1427 in

154 1447 263 1485 iram
285 1449 390 1494 erat,
416 1448 577 1494 tamen,
601 1459 654 1485 ne
675 1446 779 1498 quid
811 1446 855 1485 in
878 1447 1087 1498 principio
1109 1452 1297 1500 negaret,
1329 1447 1464 1485 risen-

154 1504 209 1543 da
229 1504 334 1544 urbe
355 1517 555 1557 magnam
577 1507 741 1557 partem
762 1504 849 1543 diei
872 1505 1145 1556 consumpsit.

590 1693 856 1734 CHAPTER
897 1694 1019 1733 VIII.

155 1788 322 1820 Hannibal
352 1792 387 1819 at
417 1799 458 1819 an
482 1788 745 1819 Entcrtainmcnt
772 1793 804 1818 to
830 1787 935 1818 which
957 1787 1117 1819 Pacuvius
1143 1788 1295 1819 Calavius
1320 1789 1383 1819 aud
1415 1789 1466 1820 his

197 1834 260 1863 Son
284 1842 367 1863 were
398 1831 532 1863 invitcd.
578 1831 646 1862 The
669 1831 767 1862 latter
796 1842 951 1872 purposcs
981 1831 1215 1872 assassiuating
1245 1832 1466 1864 Hannibal.—

197 1876 345 1907 n.c.216.

217 1961 253 1997 1.
285 1958 555 1998 DEVERSATES
585 1960 648 1997 cst
679 1957 789 2009 apud
825 1957 1006 1996 Ninnios
1037 1956 1211 2005 Celeres,
1242 1957 1466 1998 Sthenium

156 2017 486 2068 l'acuviumque,
527 2014 709 2054 inclutos
750 2014 975 2053 nobilitate
1009 2028 1055 2053 ac
1091 2015 1268 2055 divitiis.
1333 2018 1370 2054 2.
1404 2016 1465 2055 Eo

156 2074 364 2113 Pacuvius
405 2072 612 2122 Calavius,
645 2071 697 2112 de
727 2085 810 2125 quo
840 2076 937 2111 ante
970 2071 1133 2111 dictum
1169 2076 1244 2121 est,
1274 2074 1466 2126 princeps

157 2131 352 2171 factionis
391 2130 494 2182 ejus,
535 2143 628 2183 quae
668 2133 851 2169 traxerat
901 2143 989 2168 rem
1029 2129 1082 2168 ad
1122 2130 1287 2178 Poenos,
1329 2130 1463 2170 filium

151 2189 352 2241 juvenem
373 2187 564 2237 adduxit,
599 2190 637 2227 3.
669 2188 927 2227 abstractum
953 2201 976 2226 a
1002 2187 1123 2226 Decii
1153 2187 1290 2240 Magii
1320 2187 1464 2237 latere,

159 2259 254 2285 cum
286 2259 369 2299 quo
402 2245 658 2285 ferocissime
690 2259 764 2297 pro
806 2244 995 2284 Romana
1030 2246 1230 2284 societate
1271 2246 1466 2286 adversus

159 2303 370 2342 Punicum
410 2302 546 2342 foedus
587 2306 785 2349 stete1·at;
826 2315 901 2341 nec
941 2316 1039 2341 enm
1079 2306 1153 2342 aut
1186 2303 1389 2343 inclinata
1422 2305 1463 2343 in

162 2364 323 2412 partem
353 2359 529 2400 alteram
560 2361 725 2408 civitas,
747 2363 820 2399 aut
851 2360 987 2412 patria
1016 2360 1223 2413 majestas,
1258 2362 1467 2400 sententia}

159 2416 389 2471 depulerat.
462 2420 502 2456 4.
547 2417 660 2456 Huic
701 2421 793 2457 tum
835 2421 953 2470 pater
993 2417 1140 2470 jux-cni
1184 2418 1465 2458 Hannibalem

787 2494 806 2514 n
827 2486 845 2514 3
