1663 2718
487 148 650 186 LIBER
683 147 841 185 XXIII.
898 147 1014 186 CAP.
1044 147 1136 185 XV.
1415 149 1464 187 19

614 324 880 365 CHAPTER
922 325 1015 365 XV.

161 418 336 452 Marcellus
352 417 473 449 arrives
489 421 524 448 at
540 417 635 448 Nola.
670 417 837 449 Hannibal
860 428 936 458 goes
951 418 1044 449 down
1063 422 1095 450 to
1109 419 1163 450 the
1180 419 1344 451 Sca-coast
1360 419 1393 450 in
1410 419 1465 451 tho

203 460 478 503 Neighbourhood
494 461 531 492 of
545 459 676 502 NapleS.
722 460 880 492 Deterred
898 462 978 493 from
994 461 1160 502 attacking
1176 462 1249 493 that
1265 462 1341 501 City
1356 462 1465 502 bytho

202 504 359 536 Presonce
375 504 437 535 ofa
449 503 576 535 Roman
590 504 689 534 Force
700 504 813 534 within
831 505 866 535 it.
890 504 1039 535 Marches
1051 515 1136 545 upon
1153 504 1301 535 Nuceria.
1328 504 1466 536 Nuceria.

202 547 340 579 reduced
364 547 406 588 by
422 546 567 577 Famine.
613 547 664 578 Its
689 547 899 578 Inhabitants
924 547 1101 588 capitulate
1121 547 1186 578 and
1202 558 1256 579 are
1272 547 1407 578 allowed
1431 554 1465 579 to

201 591 317 632 ‹lepart
333 590 365 621 in
382 600 400 620 a
416 589 519 630 single
535 590 691 621 Gai-ment
712 590 829 631 apii-ce.
875 590 1046 621 Hannibal
1067 590 1099 621 in
1117 590 1191 621 vain
1209 589 1409 622 endeavours
1431 596 1465 622 to

201 633 311 665 attach
329 643 415 664 some
430 633 468 663 of
490 632 578 663 them
604 638 637 664 to
665 632 731 663 him
756 634 799 673 by
817 633 871 664 the
889 634 975 664 Offcr
990 634 1025 664 of
1045 633 1200 665 Rewards
1216 632 1281 664 and
1302 633 1464 665 Honours.

202 676 379 708 Marcellus
394 675 489 707 holds
506 675 600 707 Nola.
645 675 682 706 L.
700 676 954 709 Bantius.-—n.c.
972 678 1044 708 216.

221 763 257 801 1.
290 761 374 802 SUB
413 761 645 801 adventum
695 762 884 813 praetoris
935 761 1115 801 Romani
1167 762 1322 802 Poenus
1363 777 1464 816 agro

160 819 324 858 Nolano
366 820 542 858 excessit
583 824 627 859 et
661 819 714 858 ad
759 832 872 859 mare
908 820 1096 871 proxime
1126 819 1352 872 Neapolim
1392 822 1465 860 dc-

139 876 337 923 ·scendit,
359 876 538 928 cupidus
567 877 772 916 maritimi
803 877 947 929 oppidi
977 877 1189 929 potiundi,
1211 878 1294 929 quo
1322 891 1465 917 cursus

161 933 339 972 navibus
370 937 489 972 tutus
518 947 568 972 ex
590 933 731 972 Africa
761 939 881 973 esset.
944 937 982 973 2.
1015 934 1212 974 Ceterum
1242 938 1465 987 postquam

157 990 383 1043 Neapolim
436 1003 460 1029 a
501 991 697 1043 praefecto
738 990 926 1030 Romano
970 992 1106 1030 teneri
1150 992 1463 1044 accepit—M.

158 1047 314 1088 Junius
350 1047 518 1087 Silanus
552 1052 656 1095 erat,
690 1048 742 1087 ab
779 1049 880 1100 ipsis
920 1048 1213 1100 Neapolitanis
1248 1049 1465 1088 accitus—

158 1105 339 1158 Neapoli
379 1119 559 1157 quoquc,
600 1106 711 1144 sicut
741 1106 863 1154 Nola,
894 1107 1046 1145 omissa
1082 1107 1194 1158 petit
1223 1106 1463 1146 Nuceriam.

160 1165 199 1202 3.
224 1163 329 1202 Eam
350 1176 482 1215 quum
499 1163 764 1215 aliquamdiu
786 1163 1135 1211 circumsedisset,
1157 1177 1265 1215 saepe
1286 1164 1343 1211 vi,
1358 1177 1464 1216 saepe

159 1220 438 1260 sollicitandis
469 1221 726 1272 nequiquam
748 1234 859 1259 nunc
891 1221 1013 1273 plebe
1044 1234 1156 1259 nuno
1186 1221 1464 1273 principibus,

159 1278 270 1317 fame
292 1278 464 1317 demum
487 1279 530 1316 in
553 1278 813 1317 deditionem
834 1279 1011 1330 accepit,
1032 1281 1193 1330 pactus,
1215 1282 1264 1316 ut
1284 1278 1465 1318 inermes

159 1349 256 1374 cum
287 1335 466 1387 singulis
493 1335 660 1374 abirent
692 1336 968 1374 vestimentis.
1029 1339 1069 1374 4.
1101 1335 1279 1382 Deinde,
1311 1339 1359 1375 ut
1388 1335 1464 1387 qui

158 1406 183 1432 a
219 1393 426 1445 principio
468 1393 585 1431 mitis
625 1392 820 1432 omnibus
860 1392 1024 1431 Italicis
1064 1396 1216 1445 praeter
1254 1392 1464 1432 Romanos

159 1450 294 1489 videri
333 1449 475 1498 vellet,
509 1450 681 1502 praemia
711 1454 838 1502 atque
870 1450 1059 1497 honores,
1081 1450 1155 1501 qui
1186 1451 1465 1489 remanserint

159 1521 206 1547 ac
248 1507 432 1546 militare
474 1521 614 1546 secum
656 1506 900 1555 voluissent,
933 1508 1164 1560 proposuit.
1226 1509 1265 1546 5.
1295 1507 1385 1546 Nec
1418 1511 1465 1546 ea.

158 1579 231 1618 spe
280 1578 536 1617 quemquam
587 1565 754 1604 tenuit:
806 1565 959 1617 dilapsi
1000 1578 1157 1611 omnes,
1196 1577 1463 1616 quocumque

158 1622 343 1675 hospitia
375 1628 446 1661 aut
483 1622 687 1661 fortuitus
717 1623 848 1660 animi
883 1623 1066 1674 impetus
1098 1622 1215 1669 tulit,
1238 1635 1311 1674 per
1342 1622 1464 1662 Cam-

158 1681 295 1732 paniae
316 1680 453 1726 urbes,
475 1680 658 1718 maxime
686 1679 839 1718 Nolam
867 1679 1188 1732 Neapolimque.
1252 1680 1289 1718 6.
1323 1679 1464 1726 Quum

158 1737 289 1776 ferme
334 1738 514 1789 triginta.
561 1740 785 1783 senatores,
825 1750 873 1775 ac
914 1736 1021 1775 forte
1062 1737 1221 1788 primus
1271 1737 1463 1788 quisque,

159 1793 344 1847 Capuam
371 1795 588 1846 petissent,
610 1793 768 1832 exclusi
800 1793 912 1842 inde,
933 1793 1046 1845 quod
1068 1798 1208 1845 portas
1230 1793 1464 1832 Hannibali

159 1851 421 1897 clausissent,
463 1851 614 1890 Cumas
647 1864 688 1890 se
729 1850 1014 1890 contulerunt.
1087 1850 1281 1890 Nuceriae
1322 1851 1464 1903 praeda.

159 1908 289 1948 militi
313 1909 411 1947 data
427 1914 503 1954 est,
525 1907 623 1947 urbs
645 1908 811 1961 direpta
831 1913 958 1960 atque
974 1909 1155 1947 incensa.

218 1968 256 2006 7.
289 1965 442 2004 Nolam
473 1965 701 2004 Marcellus
722 1979 803 2004 non
829 1966 894 2004 sui
916 1966 1052 2017 magis
1082 1965 1237 2004 fiducia
1264 1965 1463 2017 praesidii,

156 2024 284 2077 quam
307 2023 526 2062 voluntate
548 2023 804 2076 principum,
825 2022 1019 2062 habebat.
1080 2022 1205 2062 Plebs
1217 2022 1464 2071 timebatur,

157 2084 203 2120 et
230 2086 328 2120 ante
350 2094 493 2120 omnes
521 2080 570 2119 L.
592 2080 786 2129 Bantius,
807 2094 934 2133 quem
956 2081 1214 2120 conscientia
1243 2083 1465 2133 temptatae

157 2138 410 2178 defectionis
459 2151 507 2177 ac
546 2142 686 2177 metus
735 2151 760 2177 a
805 2142 982 2191 praetore
1024 2137 1214 2177 Romano
1256 2151 1370 2176 nune
1411 2137 1466 2177 ad

157 2196 443 2249 proditionem
475 2196 638 2249 patriae,
666 2208 792 2243 nunc,
823 2195 858 2234 si
889 2195 942 2235 ad
973 2195 1018 2234 id
1049 2195 1217 2234 fortuna
1247 2194 1464 2243 defuisset,

157 2252 211 2293 ad
239 2253 608 2306 transfugiendum
638 2251 901 2292 stimulabat.
962 2253 1067 2292 Erat
1090 2252 1262 2305 juvenis
1296 2265 1390 2292 acer
1420 2255 1466 2292 et

157 2311 380 2359 sociorum,
421 2315 470 2350 ea
519 2313 785 2363 tempestate,
827 2323 956 2363 prope
996 2309 1284 2350 nobilissimus
1324 2323 1463 2362 eques.

158 2369 198 2407 8.
230 2367 496 2408 Seminecem
536 2381 635 2407 eum
674 2367 729 2407 ad
779 2367 941 2409 Cannas
990 2368 1037 2407 in
1077 2380 1223 2407 acervo
1264 2380 1464 2407 caesorum

157 2438 379 2478 corporum
420 2427 645 2465 inventum
675 2429 953 2479 curatumque
993 2425 1176 2478 benigne
1206 2426 1338 2465 etiam
1369 2438 1464 2464 cum
