1663 2718
172 136 223 175 52
463 137 576 176 '1'1‘1'1
612 136 754 176 LIVII
789 134 1188 175 HISTORIARUM

564 305 831 348 CHAPTER
869 307 1098 347 XXXVII.

173 402 382 446 Sempronius
392 402 588 445 (Gracchus)
601 402 752 444 besieged
763 402 797 434 in
810 402 929 435 Cumae.
953 403 1129 443 Besiegers’
1140 402 1252 435 Tower
1260 402 1351 435 tired.
1384 403 1488 444 (Sem-

217 446 365 488 pronius)
387 447 551 478 Gracchus
567 446 677 478 sallies
693 447 777 477 from
793 446 850 477 the
867 446 952 488 city.
999 446 1102 477 Gaius
1132 457 1152 477 a
1177 446 1400 478 considerable
1420 446 1488 477 Ad-

214 493 364 531 vantage,
381 489 446 521 and
461 490 576 521 retires
591 489 707 520 within
722 489 777 520 the
792 489 908 521 Walls.
954 489 1124 520 Hannibal
1139 494 1217 521 next
1231 490 1306 531 Day
1321 489 1426 520 draws
1445 499 1490 530 up

217 533 269 564 his
280 534 385 574 Army
400 533 434 564 in
452 533 559 564 Order
569 533 605 564 of
616 532 726 563 Battle
737 533 882 564 between
892 533 947 563 the
959 532 1060 574 Camp
1075 532 1140 563 and
1153 532 1238 574 City.
1263 533 1332 564 The
1345 533 1491 564 Romans

217 576 341 607 remain
353 576 452 617 quiet.
498 575 667 607 Hannibal
688 579 819 606 returns
844 579 878 606 to
901 575 1020 607 Tifata.
1067 576 1103 606 T.
1127 575 1335 616 Sempronius
1357 575 1490 615 Longus

219 619 350 650 obtains
365 630 385 650 a
400 619 536 660 Victory
549 622 584 650 at
599 618 824 655 Grumentum,
841 618 875 649 in
891 618 1043 655 Lucania,
1058 629 1134 649 over
1149 619 1280 655 Hanno,
1293 618 1365 649 who
1375 618 1490 649 retircs

219 662 289 693 into
313 662 490 693 Bruttium.
535 661 582 692 M.
610 661 760 692 Valerius
785 671 930 692 recovers
957 661 1048 692 three
1074 662 1192 692 Towns
1217 662 1254 692 of
1273 661 1330 692 the
1356 660 1490 702 Hirpini

218 705 293 736 that
302 705 368 736 had
382 704 528 736 revolted
543 705 627 734 from
643 704 699 734 the
715 703 868 740 Romans,
884 703 949 734 and
971 703 1113 734 beheads
1136 703 1193 735 the
1215 703 1356 735 Leaders
1380 703 1416 734 of
1434 703 1492 734 the

218 748 347 779 Revolt.
393 747 544 787 Captivos
568 746 639 777 sold
666 746 710 786 by
725 747 875 777 Auction.
917 746 975 777 ΑΗ
1001 746 1056 777 the
1082 746 1187 787 Booty
1202 745 1298 788 given
1324 756 1369 787 up
1384 750 1418 778 to
1433 746 1491 778 the

220 790 376 832 Soldiery.
422 791 545 831 Troops
562 789 615 820 led
630 789 711 821 back
727 793 760 820 to
775 789 1026 820 Luceria.—B.c.
1044 791 1117 822 215.

238 874 274 911 1.
307 872 381 911 ΕΞ
401 884 534 911 causae
554 884 685 923 quum
705 871 888 910 Fabium
911 873 1120 920 tenerent,
1142 870 1414 924 Sempronius
1445 872 1492 910 in

177 930 396 970 obsidione
419 932 522 978 erat,
540 932 584 968 et
599 928 691 981 jam
713 929 908 981 operibus
930 929 1268 981 oppugnabatur.
1333 931 1372 968 2.
1406 929 1492 968 Ad-

177 1001 318 1027 versus
343 987 532 1040 ligneam
559 987 779 1039 ingentem
799 986 1014 1025 admotam
1045 987 1140 1026 urbi
1171 985 1300 1025 aliam
1330 989 1491 1026 turrem

178 1059 229 1084 ex
270 1046 360 1098 ipso
400 1058 521 1084 muro
562 1045 767 1083 excitavit
807 1043 951 1083 consul
1001 1043 1228 1092 Romanus,
1270 1043 1490 1096 aliquanto

178 1102 390 1151 altiorem,
411 1103 512 1154 quia
541 1115 661 1140 muro
687 1102 787 1140 satis
818 1115 892 1153 per
913 1115 954 1140 se
985 1101 1086 1149 alto,
1108 1100 1310 1153 subjectis
1336 1101 1490 1141 validis

179 1160 365 1209 sublicis,
399 1173 474 1212 pro
516 1159 602 1198 solo
643 1173 739 1197 usus
770 1161 873 1198 erat.
951 1161 989 1197 3.
1022 1158 1126 1197 Inde
1162 1159 1348 1210 primiim
1383 1159 1493 1197 saxis

179 1217 433 1269 sudibusque
455 1219 499 1256 et
529 1217 679 1255 ceteris
709 1215 942 1255 missilibus
971 1219 1304 1268 propugnatores
1334 1217 1493 1255 moenia

178 1278 306 1327 atque
327 1274 477 1314 urbem
497 1274 753 1321 tuebantur3
784 1273 1008 1325 postremo,
1039 1277 1079 1312 4.
1102 1273 1177 1311 ubi
1208 1273 1492 1326 promovendo

179 1333 424 1385 adjunctam
458 1345 578 1371 muro
614 1331 815 1370 viderunt
847 1334 1022 1378 turrem,
1053 1330 1214 1370 facibus
1247 1330 1492 1370 ardentibus

178 1390 413 1443 plurimum
434 1389 561 1429 simul
589 1390 732 1441 ignem
754 1388 1038 1440 conjecerunt.
1102 1390 1140 1427 5.
1175 1388 1264 1435 Quo
1294 1389 1492 1427 incendio

177 1448 347 1500 trepida
397 1449 654 1486 armatorum
702 1445 936 1485 multitudo
986 1459 1117 1498 quum
1158 1446 1209 1485 de
1250 1448 1365 1485 turre
1406 1459 1492 1485 sese

178 1506 479 1559 praecipitaret,
517 1505 682 1556 emptio
717 1517 768 1542 ex
803 1503 958 1556 oppido
999 1502 1127 1542 simul
1160 1503 1318 1543 duabus
1359 1504 1493 1556 portis

178 1564 382 1602 stationes
404 1563 594 1601 hostium
621 1561 733 1600 fudit
755 1561 1004 1612 fugavitque
1036 1561 1081 1599 in
1102 1564 1252 1611 castra,
1274 1565 1323 1600 ut
1354 1574 1401 1600 eo
1423 1561 1492 1600 die

181 1622 357 1668 obsesso,
379 1622 506 1673 quam
537 1619 763 1666 obsidenti,
785 1618 964 1657 similior
987 1621 1094 1658 esset
1126 1618 1293 1657 Poenus.
1357 1619 1394 1658 6.
1428 1619 1493 1658 Ad

179 1679 298 1718 mille
320 1679 502 1717 trecenti
524 1677 941 1727 Carthaginiensium
955 1676 1077 1723 caesi3
1099 1679 1143 1715 et
1164 1676 1495 1729 undesexaginta

181 1737 267 1775 vivi
294 1737 422 1788 capti,
444 1735 518 1788 qui
550 1735 660 1773 circa
681 1747 822 1772 muros
853 1737 897 1773 et
928 1734 974 1772 in
1007 1733 1260 1773 stationibus
1288 1733 1424 1774 solute
1445 1747 1494 1773 ae

179 1793 448 1847 negligenter
483 1795 670 1845 agentes,
712 1805 843 1843 quum
876 1790 989 1830 nihil
1027 1792 1167 1830 minus
1203 1793 1331 1843 quam
1372 1805 1495 1845 erup-

173 1853 343 1891 tionem
394 1851 652 1897 timuissent,
696 1863 747 1888 ex
796 1850 1025 1901 improviso
1077 1850 1262 1901 oppressi
1312 1849 1492 1889 fuerant.

179 1912 221 1950 7.
255 1909 483 1956 Gracchus,
505 1909 749 1960 priusquam
780 1920 822 1946 se
851 1907 990 1945 hostes
1021 1906 1074 1945 ab
1099 1907 1321 1959 repentino
1342 1921 1495 1960 pavore

183 1967 447 2018 colligerent,
470 1966 661 2017 receptui
692 1966 860 2015 signum
890 1965 1009 2003 dedit
1029 1977 1077 2002 ac
1105 1977 1199 2003 suos
1222 1965 1335 2003 intra
1355 1978 1495 2004 muros

182 2025 356 2077 recepit.
419 2026 457 2062 8.
490 2023 663 2062 Postero
690 2023 757 2061 die
792 2021 1022 2068 Hannibal,
1055 2021 1202 2061 laetum
1237 2023 1419 2062 secunda-1
1452 2037 1495 2062 re

185 2081 397 2121 consulem
424 2080 542 2133 justo
576 2079 726 2133 proelio
760 2082 876 2118 ratus
908 2082 1180 2125 certaturum,
1214 2080 1349 2118 aciem
1385 2081 1497 2120 inter

186 2144 318 2179 castra
349 2142 475 2191 atque
506 2138 654 2177 urbem
685 2138 900 2176 instruxit.
963 2138 1000 2175 9.
1039 2136 1249 2185 Ceterum,
1274 2141 1497 2190 postquam

185 2199 399 2237 neminem
440 2197 601 2235 moveri
635 2195 686 2234 ab
722 2194 847 2234 solita
881 2194 1071 2234 custodia
1107 2194 1222 2233 urbis
1262 2195 1387 2244 vidit,
1419 2209 1497 2235 nec.

187 2255 399 2294 committi
440 2255 668 2306 quicquam
704 2253 937 2292 temerariae
978 2253 1081 2305 spei,
1124 2252 1177 2291 ad
1210 2252 1352 2292 Tifata
1386 2254 1499 2294 redit

186 2314 345 2358 infecta
366 2325 422 2351 re.

249 2372 314 2409 10.
349 2369 510 2416 Quibus
543 2368 692 2409 diebus
723 2368 864 2409 Cumae
896 2368 1085 2409 liberatae
1127 2371 1225 2409 sunt
1267 2369 1498 2419 obsidione,

189 2428 320 2469 isdem
353 2427 499 2467 diebus
531 2430 575 2467 et
610 2428 656 2466 in
682 2427 862 2467 Lucanis
890 2427 942 2466 ad
975 2426 1259 2467 Grumentum
1291 2427 1356 2467 Ti.
1383 2427 1500 2469 Sem-
