1663 2718
184 141 236 179 40
479 139 591 178 TITI
626 140 766 178 LIVII
801 139 1197 178 HISTORIARUM

186 251 335 305 proelio
361 251 540 304 ancipiti
571 252 776 304 pugnant.
842 253 906 290 11.
940 250 1021 290 Sed
1053 264 1185 303 quum
1223 251 1269 289 in
1301 251 1491 291 medium

186 313 278 348 tota
293 309 385 361 jam
406 310 557 348 coisset
576 308 767 347 Romana
787 309 910 355 acies,
932 309 1032 347 satis
1060 308 1215 347 virium
1247 309 1299 348 ad
1328 309 1491 348 dimov-

187 367 296 405 enda
335 366 524 405 hostium
563 378 719 404 cornua
759 365 934 404 habuit:
991 368 1054 404 12.
1096 367 1158 404 ita
1203 366 1287 405 duo
1329 366 1492 405 diversa

188 423 339 476 proelia
373 426 506 462 erant.
581 422 772 474 Utroque
805 422 1000 472 Romani,
1032 426 1083 461 ut
1122 424 1198 475 qui
1234 423 1365 475 pulsis
1399 423 1492 476 jam

187 484 285 520 ante
316 481 467 520 mediis
498 483 541 520 et
571 493 743 519 numero
775 483 819 519 et
843 480 989 519 robore
1016 481 1203 519 virorum
1232 483 1493 533 praestarent,

189 538 304 578 haud
340 538 469 578 dubie
501 539 712 590 superant.
778 539 842 576 13.
874 537 1034 590 Magna
1073 538 1136 576 vis
1176 538 1399 577 hominum
1430 537 1493 577 ibi

189 596 339 645 occisa,
371 599 428 644 et,
450 596 533 634 nisi
563 595 746 647 Hispani
779 594 954 634 vixdum
991 598 1179 634 conserto
1216 595 1367 648 proelio
1403 597 1494 634 tam

190 653 319 692 effuse
353 653 575 705 fugissent,
611 652 810 704 perpauci
845 666 895 690 ex
928 655 1019 691 tota
1052 652 1356 704 superfuissent
1389 653 1492 691 acie.

193 713 258 749 14.
291 710 511 762 Equestris
541 722 684 761 pugna
704 708 824 747 nulla
855 709 1083 747 admodum
1111 709 1209 757 fuit,
1231 709 1345 761 quia,
1367 709 1495 748 simul

188 767 439 806 inclinatam
460 767 646 805 mediam
667 766 802 804 aciem
823 765 965 804 Mauri
986 766 1269 818 Numidaeque
1283 766 1495 815 viderunt,

189 823 403 876 extemplo
434 823 536 875 fuga
563 822 695 862 effusa
724 823 836 861 nuda
867 836 1033 871 cornua,
1056 822 1295 875 elephantis
1329 836 1495 876 quoque

188 894 273 933 prae
290 894 331 920 se
348 881 466 928 actis,
484 881 704 919 deseruere
722 894 732 927 ;
768 881 832 919 15.
851 883 895 919 et
911 880 1166 927 Hasdrubal,
1182 894 1313 932 usque
1326 881 1380 920 ad
1394 881 1498 920 ulti-

189 952 307 977 mum
341 942 540 977 eventum
581 951 735 989 pugnae
767 941 968 986 moratus,
1002 951 1025 976 e
1066 938 1206 977 media
1246 938 1359 977 caede
1400 951 1496 977 cum

188 996 332 1048 paucis
355 995 521 1047 effugit.
588 995 652 1034 16.
677 994 821 1035 Castra
842 994 1022 1034 Romani
1045 1009 1190 1047 cepere
1212 998 1340 1047 atque
1362 995 1496 1048 dirip-

189 1067 301 1092 uere.
363 1053 427 1092 Ea
459 1065 616 1105 pugna,
651 1053 685 1091 si
728 1065 812 1104 qua
854 1052 984 1091 dubia
1024 1053 1070 1091 in
1110 1053 1321 1104 Hispania
1361 1056 1496 1101 erant,

188 1110 390 1150 Romanis
411 1110 621 1162 adjunxit,
642 1109 984 1162 Hasdrubalique
1005 1123 1089 1149 non
1110 1111 1234 1149 modo
1257 1111 1302 1148 in
1324 1109 1498 1149 Italiam

187 1168 439 1207 traducendi
476 1167 698 1214 exercitfis,
739 1167 811 1206 sed
850 1180 903 1206 ne
942 1167 1143 1205 manendi
1183 1167 1357 1219 quidem
1397 1167 1498 1206 satis

187 1225 282 1263 tuto
312 1225 359 1263 in
392 1224 603 1277 Hispania
639 1237 756 1276 spem
789 1224 1034 1276 reliquerat.
1099 1224 1164 1264 17.
1199 1224 1300 1271 Quae
1333 1227 1499 1277 postea-

188 1295 317 1334 quam
337 1281 476 1321 literis
508 1281 758 1334 Scipionum
789 1281 934 1321 Romae
957 1281 1131 1334 vulgata
1157 1285 1270 1331 sunt,
1292 1295 1378 1321 non
1408 1284 1499 1322 tam

186 1340 516 1392 vict01·ia,quam
529 1338 746 1392 prohibito
761 1338 1040 1378 Hasdrubalis
1053 1339 1098 1378 in
1113 1339 1287 1378 Italiam
1301 1340 1498 1387 transitu,

187 1396 456 1437 laetabantur.

617 1596 886 1636 CHAPTER
927 1596 1069 1635 XXX.

185 1694 319 1732 Petelia,
337 1693 371 1725 in
387 1693 563 1730 Bruttium,
588 1693 731 1724 stormcd
746 1693 790 1734 by
806 1692 958 1729 Himilco,
986 1692 1182 1724 Hannibal's
1198 1694 1345 1731 General,
1373 1695 1459 1726 aster
1480 1705 1500 1726 a

231 1738 322 1778 Siege
338 1738 374 1769 of
396 1737 521 1768 several
545 1736 690 1773 Months,
714 1736 757 1767 its
780 1736 991 1767 Inhabitants
1007 1736 1128 1777 having
1143 1737 1223 1768 been
1241 1737 1378 1769 reduced
1394 1742 1427 1769 to
1443 1738 1500 1770 the

230 1784 374 1820 greatest
404 1779 620 1811 Extremities.
678 1779 852 1810 Consentia
875 1779 1063 1811 surrenders
1088 1784 1121 1811 to
1148 1780 1204 1811 the
1235 1780 1498 1821 CarthaginianS.

230 1824 299 1855 The
315 1823 490 1855 Locrenses
505 1823 610 1854 revolt
624 1826 658 1854 to
673 1823 729 1854 tho
741 1823 873 1854 Bruttii.
915 1822 983 1853 The
996 1823 1162 1863 Rhegians
1178 1824 1271 1855 alone
1287 1823 1321 1854 in
1339 1823 1411 1855 that
1425 1823 1501 1855 Dis-

231 1867 308 1898 trict
330 1867 452 1898 remain
470 1866 604 1897 faithful
631 1871 665 1897 to
690 1866 802 1897 Rome.
849 1866 941 1902 Gelo,
958 1866 1021 1897 Son
1039 1867 1075 1897 of
1095 1866 1206 1903 Hiero,
1223 1867 1315 1908 King
1330 1867 1367 1898 of
1386 1867 1498 1908 Sicily,

230 1911 307 1941 falls
329 1920 420 1950 away
436 1913 470 1940 to
488 1909 544 1940 the
572 1909 834 1950 Carthaginians.
873 1909 936 1940 His
962 1909 1077 1941 Death.
1123 1910 1169 1941 At
1193 1910 1295 1941 Rome
1311 1910 1367 1941 the
1383 1910 1499 1942 Senatu

230 1952 341 1984 deci-ee
367 1953 423 1983 tho
447 1952 640 1983 Dedication
656 1953 693 1983 of
714 1963 733 1982 a
749 1953 881 1993 Temple
897 1958 931 1983 to
947 1952 1056 1983 Venus
1078 1953 1228 1993 Erycina.
1245 1953 1310 1984 and
1332 1953 1387 1984 tho
1409 1953 1498 1985 Cele-

231 1996 360 2027 bration
377 1996 413 2026 of
425 1995 547 2026 certain
564 1995 692 2026 Gamos.
728 1996 939 2036 magistrates
953 2000 1044 2027 enter
1060 2006 1145 2036 upon
1164 1996 1376 2028 Offico.—n.c.
1389 1998 1461 2029 216.

250 2087 286 2123 1.
327 2084 430 2123 DUM
480 2084 569 2123 haec
619 2083 665 2122 in
716 2083 925 2136 Hispania
969 2086 1191 2136 geruntur,
1243 2083 1412 2123 Petelia
1451 2085 1498 2123 in

188 2143 386 2189 Bruttiis,
403 2141 568 2193 aliquot
589 2144 684 2194 post
700 2141 927 2189 mensibus,
945 2143 1072 2193 quam
1095 2142 1234 2194 coepta
1258 2142 1497 2194 oppugnari

189 2204 291 2247 erat,
314 2199 366 2239 ab
389 2199 637 2238 Himilcone
659 2199 857 2252 praefecto
879 2198 1136 2238 Hannibalis
1158 2202 1399 2251 expugnata
1419 2202 1496 2238 est.

191 2261 229 2296 2.
262 2256 402 2296 Multo
444 2257 647 2307 sanguine
687 2270 735 2296 ac
771 2256 1011 2296 volneribus
1053 2269 1101 2295 ca
1140 2256 1283 2295 Poenis
1319 2257 1498 2296 victoria

189 2315 323 2363 stetit,
364 2327 441 2353 nec
474 2314 562 2353 ulla
595 2314 731 2367 magis
762 2315 825 2353 vis
858 2314 1054 2362 obseSSOS‚
1087 2315 1216 2366 quam
1249 2315 1394 2362 fames,
1428 2327 1499 2353 ex—

189 2372 411 2425 pugnavit.
505 2374 542 2411 3.
590 2371 838 2424 Absumptis
889 2373 1004 2411 enim
1056 2372 1229 2424 frugum
1282 2371 1498 2411 alimentis

189 2430 408 2482 carnisque
441 2430 576 2469 omnis
607 2431 772 2482 generis
797 2429 1118 2483 quadrupedum
1141 2432 1271 2469 sueta>
1302 2429 1497 2469 insuetae-

1620 903 1635 932 k.

1628 644 1630 650 .
1636 635 1652 674 ‘3‘

1643 677 1653 709 5

1636 710 1651 755 f·

1628 768 1650 802 οἳ
1661 791 1663 806 ⁴

1623 831 1630 835 .
1642 807 1663 836 t*

1631 839 1650 903 ’Ξ

1631 906 1652 959 ἔ

1636 961 1651 980 Α

1643 991 1652 1010 λ

1636 1011 1651 1066 -5

1643 1083 1649 1099 J

1640 1118 1649 1223 ἒ

1643 1225 1647 1237 i
