1663 2718
131 139 183 179 30
440 137 553 176 ΤΙΤΙ
588 137 729 175 LIVII
764 135 1158 175 HISTORIARUM

569 302 839 343 CHAPTER
873 302 1021 342 XXII.

134 394 182 426 M.
198 393 361 431 AEmilius,
384 392 440 424 the
462 392 595 430 Praetor:
621 391 735 433 brings
761 392 900 424 erward
922 402 943 423 a
968 390 1096 423 Motion
1120 391 1171 422 for
1195 389 1300 430 filling
1321 399 1367 430 up
1391 388 1448 421 tho

177 437 292 468 Ranks
308 437 345 467 of
367 436 422 467 the
438 435 563 466 Senate.
608 435 768 476 Proposal
783 436 820 466 of
840 434 977 476 Spurius
1001 433 1175 471 Carvilius,
1199 437 1234 465 to
1256 432 1361 464 admit
1382 435 1448 463 two

179 480 330 511 Senators
355 480 438 510 from
465 478 542 509 each
567 478 604 509 of
625 477 680 509 the
707 478 803 509 Latin
829 478 976 519 Peoples,
991 476 1188 509 condemned
1213 475 1278 508 and
1300 474 1448 516 rejected.

178 523 226 554 M.
243 522 365 554 Fabius
391 522 496 553 Buteo
519 520 694 562 appointed
717 520 866 552 Dictator
880 522 932 553 for
948 521 1002 552 the
1018 521 1162 562 Purpose
1185 520 1221 551 of
1243 517 1449 558 nominating

178 566 269 597 fresh
284 566 549 597 Senators.—-n.c.
567 566 639 596 216.

200 645 237 682 1.
271 642 399 689 QUUM
459 643 611 689 cetera,
657 653 753 692 quae
793 640 1007 679 continuis
1048 639 1237 678 cladibus
1277 638 1450 678 fort-una

138 701 366 747 minuerat,
388 701 602 750 quantum
625 697 813 736 consiliis
834 697 1031 736 humanis
1052 697 1216 748 assequi
1237 698 1450 748 poterant,

140 760 280 811 patres
314 755 564 808 explessent,
597 757 636 793 2.
658 754 833 793 tandem
855 767 897 793 se
919 767 1088 806 quoque
1108 755 1152 793 et
1173 752 1450 792 solitudinem

142 815 269 853 curiae
290 814 635 866 paucitatemque
656 812 1002 851 convenientium
1023 811 1076 850 ad
1101 810 1322 863 publicum
1353 822 1452 849 con-

143 871 289 911 silium
326 872 624 923 respexerunt:
658 871 696 908 3.
728 882 866 921 neque
902 869 1018 908 enim
1033 871 1129 921 post
1149 868 1198 907 L.
1221 866 1452 907 AEmilium

143 932 189 969 et
210 928 254 969 C.
276 928 539 967 Flaminium
560 940 747 966 censores
778 928 946 966 senatus
975 925 1110 966 lectus
1131 926 1285 973 fuerat,
1316 938 1451 978 quum

143 989 313 1026 tantum
335 988 574 1025 senatorum
593 985 776 1024 adversae
792 997 959 1037 pugnae,
981 984 1034 1023 ad
1054 984 1133 1023 hoc
1154 983 1217 1022 sui
1242 995 1453 1035 quemque

144 1046 262 1083 casus
283 1057 357 1096 per
389 1042 1100 1095 quinquennium,absumpsissent.
1161 1043 1201 1080 4.
1235 1040 1375 1088 Quum
1400 1040 1452 1079 de

150 1106 200 1141 eft
240 1114 284 1140 re
323 1101 385 1139 M.
421 1099 623 1139 AEmilius
666 1102 832 1152 praetor,
860 1099 1068 1138 dictatore
1089 1101 1181 1152 post
1219 1097 1454 1138 Casilinum

149 1159 349 1198 amissum
390 1157 577 1210 profecto
613 1156 706 1209 jam
739 1157 790 1196 ad
842 1157 1092 1205 exercitum,
1133 1155 1455 1208 exposcentibus

149 1216 313 1256 eunetis
353 1214 584 1262 retulisset,
625 1217 721 1253 tum
774 1213 844 1266 Sp.
887 1213 1112 1262 Carvilius,
1153 1226 1287 1265 quum
1327 1211 1456 1265 longit

149 1274 339 1314 oratione
355 1286 440 1312 non
462 1272 598 1311 solum
618 1272 809 1324 inopiam
831 1274 1085 1320 senatorum,
1108 1271 1178 1310 sed
1193 1271 1456 1323 paucitatem

149 1333 280 1371 etiam
295 1331 469 1378 civium,
487 1343 536 1369 ex
549 1330 704 1381 quibus
720 1330 764 1368 in
783 1328 1188 1382 patreslegerentur‚
1203 1330 1456 1381 conquestus

149 1392 271 1436 esset,
305 1390 343 1428 5.
376 1387 573 1440 explendi
619 1389 786 1426 senatus
832 1391 955 1426 causi
998 1390 1041 1426 ct
1070 1385 1283 1439 jungendi
1321 1385 1456 1425 artius

149 1447 295 1487 Latini
335 1445 521 1485 nominis
574 1458 671 1484 cum
711 1444 868 1497 populo
900 1444 1089 1483 Romano
1131 1456 1386 1496 magnopere
1415 1455 1457 1482 se

151 1505 322 1545 suadere
356 1504 480 1551 dixit,
508 1504 559 1541 ut
591 1516 643 1541 ex
667 1502 845 1554 siugulis
878 1501 1044 1554 populis
1070 1501 1321 1541 Latinorum
1344 1501 1457 1540 binis

153 1561 428 1608 senatoribus,
450 1560 604 1613 quibus
636 1563 776 1612 patres
807 1559 988 1598 Romani
1011 1560 1282 1608 censuissent,
1309 1559 1458 1598 civitas

152 1621 336 1667 daretur,
378 1622 506 1670 atque
547 1618 592 1656 in
629 1618 948 1656 demortuorum
988 1616 1130 1656 locum
1170 1618 1216 1656 in
1262 1619 1458 1656 senatum

152 1678 407 1730 legerentur.
499 1675 538 1715 6.
585 1675 692 1714 Eam
742 1675 998 1715 sententiam
1047 1675 1161 1714 haud
1202 1674 1459 1727 aequioribus

155 1735 460 1786 animis,qu·21m
468 1734 655 1786 ipsorum
676 1733 888 1785 quondam
902 1732 1164 1785 postulatum
1186 1732 1456 1779 Latinorum,

154 1796 295 1845 patres
318 1792 574 1838 audierunt3
608 1790 646 1830 7.
679 1794 721 1830 et
743 1804 875 1843 quum
907 1791 1106 1830 fremitus
1133 1789 1458 1843 indignantium

154 1854 246 1889 tot-52
267 1850 382 1888 curi-51
403 1852 524 1897 esset,
547 1851 591 1887 et·
607 1849 815 1901 praecipue
829 1848 876 1887 T.
891 1847 1080 1887 Manlius
1094 1861 1181 1888 esse
1203 1849 1461 1887 etiamnunc

155 1907 245 1960 ejus
267 1907 410 1959 stirpis
433 1907 571 1945 virum
592 1906 765 1954 diceret,
788 1920 839 1945 cx
855 1910 939 1958 quz‘t
958 1906 1172 1958 quondam
1189 1906 1234 1944 in
1249 1904 1460 1957 Capitolio

156 1964 302 2004 consul
322 1965 509 2003 minatus
531 1966 638 2003 esset
659 1964 876 2010 Latinum,
905 1977 1033 2016 quem
1054 1964 1100 2002 in
1133 1964 1250 2002 curi-52
1271 1963 1462 2009 vidisset,

156 2036 255 2062 eum
278 2026 351 2061 suz't
372 2035 499 2061 manu
515 2035 557 2060 se
574 2021 914 2069 interfecturum,
948 2024 986 2060 8.
1010 2021 1058 2068 Q.
1074 2020 1232 2060 Fabius
1247 2020 1462 2059 Maximus

157 2093 374 2132 nunquam
427 2080 489 2118 rei
532 2078 660 2118 ullius
705 2078 907 2118 alieniore
957 2083 1148 2131 tempore
1199 2078 1463 2117 mentionem

156 2139 314 2177 factam
354 2138 400 2176 in
431 2140 581 2177 senatu
621 2137 742 2185 dicit,
792 2138 921 2189 quz‘uu
962 2136 1074 2176 inter
1113 2140 1205 2175 tam
1245 2148 1463 2188 suspensos

157 2196 365 2234 sociorum
399 2196 560 2235 animos
601 2195 890 2246 incertamque
924 2193 1052 2233 fidem
1086 2194 1132 2233 id
1162 2197 1322 2241 actum,
1350 2192 1464 2246 quod

156 2255 331 2306 insuper
353 2252 606 2292 sollicitaret
623 2266 704 2292 eos.
739 2254 777 2292 9.
800 2252 907 2291 Eam
929 2252 1054 2291 unius
1076 2252 1262 2291 hominis
1284 2255 1466 2290 temera-

157 2311 265 2350 riam
287 2324 433 2350 voeem
455 2310 624 2349 silentio
658 2311 849 2350 omnium
871 2309 1207 2362 extinguendam
1229 2322 1329 2357 esse,
1351 2311 1408 2357 et,
1429 2308 1466 2348 si

157 2368 262 2420 quid
298 2382 485 2420 unquam
526 2368 667 2407 arcani
700 2368 887 2407 sanctive
920 2367 973 2406 ad
1015 2367 1227 2406 silendum
1264 2367 1309 2406 iu
1350 2366 1467 2405 curiii

158 2427 304 2475 fuerit,
338 2426 383 2465 id
424 2427 616 2465 omnium
654 2426 836 2465 maxime
878 2424 1126 2478 tegendum,
1168 2423 1465 2471 occulendum,
