1663 2718
450 150 617 188 LIBER
651 149 810 188 XXIII.
866 149 984 189 CAP.
1012 150 1168 188 XXXI.
1410 149 1459 187 43

158 261 221 302 Μ.
243 260 445 302 Claudius
479 260 710 301 Marcellus
740 261 903 308 missus,
934 260 1054 313 isque
1083 261 1224 314 jussus
1255 262 1300 301 in
1330 265 1466 302 castra

156 319 392 362 ‚Claudiana
422 318 627 358 deducere
647 317 827 357 urbanas
858 317 1058 370 legiones.
1121 319 1160 358 6.
1193 319 1258 359 Ad
1278 323 1466 359 veterem

159 377 392 416 exercitum
405 375 701 428 accipiendum
714 375 1092 427 deducendumque
1106 376 1205 415 inde
1214 377 1259 415 in
1273 376 1466 417 Siciliam

159 434 225 473 Ti.
248 432 457 473 Maecilius
478 432 619 481 Croto,
639 432 820 485 legatus,
841 432 894 471 ab
915 433 993 484 Ap.
1017 432 1193 473 Claudio
1216 438 1280 473 est
1300 435 1465 473 missus.

162 492 201 532 7.
232 491 372 529 Taciti
412 491 550 542 primo
582 492 926 542 exspectaverant
959 490 1164 539 homines,
1205 491 1271 530 uti
1322 491 1467 530 consul

160 548 336 587 comitia
363 547 537 600 collegae
562 547 739 586 creando
767 546 971 594 haberet3
1002 547 1169 595 deinde,
1192 547 1266 587 ubi
1297 547 1468 600 ablega-

160 609 254 644 tum
276 604 396 644 velut
425 605 477 644 de
507 604 718 644 industria
748 603 808 643 M.
830 603 1083 643 Marcellum
1105 605 1318 652 viderunt,
1339 618 1467 657 quem

162 663 346 702 maxime
362 661 574 701 consulem
596 662 641 700 in
662 675 759 701 eum
779 674 938 700 annum
959 661 1012 701 ob
1029 663 1198 715 egregie
1219 663 1264 701 in
1286 666 1469 715 praetura-i

163 733 228 759 res
268 724 405 772 gestas
441 720 572 758 creari
605 718 818 766 volebant,
859 719 1054 758 fremitus
1094 720 1139 758 in
1181 720 1296 759 curia-1
1336 725 1466 759 ortus.

165 780 204 817 8.
237 776 358 824 Quod
379 777 456 826 ubi
487 778 617 816 sensit
638 776 796 824 consul,
818 781 844 800 “
864 776 1103 828 Utrumque
1120 776 1140 793 '³
1172 777 1316 829 inquit
1337 781 1363 801 ‘⁵
1378 791 1401 816 e
1422 791 1468 816 re

164 834 336 888 publica
375 834 472 882 fuit,
508 837 647 887 patres
688 834 930 886 conscripti,
964 838 1008 873 et
1048 834 1109 873 M.
1147 833 1372 874 Claudium
1415 835 1468 874 ad

157 891 464 944 ‘permutandos
504 892 712 931 exercitus
754 892 798 930 in
841 891 1115 944 Campaniam
1160 891 1381 944 proficisci,
1425 897 1470 931 et

165 949 340 988 comitia
370 961 453 987 non
484 949 601 1001 prins
632 948 756 996 edici,
777 949 905 1000 quam
936 949 970 987 is
1001 948 1100 987 inde
1131 949 1336 997 confecto,
1356 949 1470 1000 quod

164 1005 414 1045 mandatum
454 1010 530 1054 est,
561 1006 732 1058 negotio
769 1005 1022 1052 revertisset,
1054 1008 1103 1045 ut
1139 1019 1210 1045 vos
1241 1005 1470 1054 consulem,

165 1076 293 1116 quem
322 1066 492 1115 tempus
524 1063 586 1102 rei
622 1062 805 1115 publicze
838 1062 1087 1115 postularet,
1122 1076 1250 1115 quem
1286 1064 1471 1103 maxime

166 1119 306 1167 voltis,
346 1119 595 1159 haberetis.''
671 1122 710 1159 9.
742 1120 810 1159 Ita
851 1120 902 1159 de
943 1121 1141 1168 comitiis,
1182 1120 1312 1160 donec
1342 1121 1472 1160 rediit

166 1177 407 1225 Marcellus,
448 1177 666 1217 silentium
706 1178 804 1217 fuit.
876 1177 1045 1216 Interea
1083 1178 1299 1216 duumviri
1339 1179 1472 1217 creati

167 1240 281 1282 sunt,
323 1234 371 1282 Q.
413 1234 569 1274 Fabius
610 1235 824 1274 Maximus
865 1238 910 1273 et
950 1235 997 1273 T.
1040 1233 1246 1274 Otacilius
1288 1234 1470 1282 Crassus,

167 1292 328 1332 aedibus
368 1292 640 1339 dedicandis3
683 1292 822 1331 Menti
864 1291 1083 1340 Otacilius,
1125 1292 1281 1332 Fabius
1316 1292 1472 1331 Veneri

169 1350 381 1402 Erycinae3
403 1354 583 1402 utraque
605 1350 651 1388 in
674 1349 884 1402 Capitolio
906 1353 983 1397 est,
1001 1349 1136 1388 canali
1159 1363 1243 1388 uno
1266 1350 1471 1389 discretae.

173 1409 238 1446 10.
273 1407 329 1446 Et
350 1407 402 1446 de
422 1408 624 1446 trecentis
645 1406 862 1459 equitibus
884 1406 1123 1458 Campanis,
1144 1407 1234 1458 qui,
1256 1407 1301 1445 in
1324 1406 1473 1446 Sicilia

169 1477 266 1504 cum
290 1463 373 1504 fide
403 1464 625 1517 stipendiis
657 1464 861 1511 emeritis,
883 1463 1063 1502 Romam
1095 1468 1311 1511 venerant,
1334 1464 1472 1503 latum

168 1522 223 1561 ad
254 1521 474 1574 populum,
496 1526 544 1561 ut
577 1522 688 1560 cives
710 1521 889 1560 Romani
912 1524 1051 1560 essent
1069 1535 1080 1569 3
1111 1522 1217 1561 item
1237 1523 1302 1560 uti
1333 1523 1475 1560 muni-

169 1579 283 1632 cipes
304 1579 482 1619 Cumani
505 1582 643 1618 essent
664 1579 814 1631 pridie,
835 1581 964 1631 quam
985 1579 1166 1632 populus
1190 1579 1427 1630 Campanus
1449 1593 1474 1618 a

169 1636 326 1689 populo
360 1636 548 1676 Romano
584 1637 815 1676 defecisset.
881 1638 946 1676 11.
978 1637 1179 1684 Maxime,
1201 1640 1249 1675 ut
1284 1637 1361 1675 hoc
1393 1637 1475 1675 fcr-

170 1698 301 1741 retur,
333 1698 536 1741 moverat,
567 1693 694 1746 quod,
725 1707 906 1746 quorum
941 1694 1163 1733 hominum
1196 1698 1347 1741 essent,
1370 1695 1475 1732 scire

171 1764 213 1790 se
234 1752 313 1803 ipsi
336 1751 561 1803 negabant,
583 1755 724 1790 vetere
742 1752 879 1802 patria]
900 1751 1062 1798 relicta,
1084 1751 1128 1789 in
1151 1764 1257 1797 eam,
1281 1751 1324 1789 in
1345 1763 1473 1802 quam

174 1808 398 1856 redierant,
435 1809 625 1847 nondum
655 1808 818 1847 adsciti.
885 1810 949 1847 12.
983 1808 1213 1860 Postquam
1246 1807 1474 1846 Marcellus

170 1866 225 1905 ab
255 1865 444 1904 exercitu
478 1866 602 1914 redit,
624 1866 798 1904 comitia
833 1865 995 1905 consuli
1026 1866 1101 1904 uni
1132 1864 1396 1917 subrogando
1428 1864 1474 1903 in

171 1922 313 1962 locum
354 1923 401 1961 L.
439 1923 648 1962 Postumii
689 1917 924 1962 edicuntur.
1002 1925 1066 1961 13.
1098 1921 1272 1962 Creatur
1307 1923 1475 1975 ingenti

171 1993 375 2019 consensu
398 1979 638 2028 Marcellus,
650 1981 725 2032 qui
746 1979 958 2033 extemplo
980 1980 1234 2032 magistrum
1251 1980 1473 2032 occiperet.

172 2036 251 2077 Cui
273 2038 439 2076 ineunti
462 2037 729 2077 consulatum
749 2051 882 2089 quum
902 2038 1125 2085 tonuisset,
1141 2037 1279 2076 vocati
1296 2050 1475 2089 augures

171 2095 278 2134 vitio
301 2099 490 2134 creatum
513 2095 648 2134 videri
671 2096 1078 2148 pronuntiaverunt;
1101 2094 1312 2147 vulgoque
1334 2097 1475 2146 patres

169 2151 235 2191 ita
272 2153 385 2191 fam-51
425 2152 632 2201 ferebant,
672 2153 784 2205 quod
833 2155 927 2191 tum
977 2153 1165 2204 primum
1205 2151 1287 2191 duo
1333 2151 1475 2203 plebei

170 2209 362 2249 consules
392 2210 496 2250 facti
527 2213 678 2258 essent,
700 2210 746 2249 id
776 2210 864 2249 deis
895 2209 1009 2249 cordi
1040 2222 1126 2249 non
1158 2222 1259 2249 esso.
1324 2210 1389 2248 14.
1421 2208 1475 2247 In

170 2265 312 2305 locum
352 2267 561 2315 Marcelli,
591 2267 667 2306 ubi
698 2267 734 2306 is
775 2280 816 2306 se
847 2267 1102 2319 magistratu
1131 2266 1358 2315 abdicavit,
1389 2266 1477 2305 suf-

169 2323 304 2363 fectus
325 2323 373 2372 Q.
396 2324 552 2364 Fabius
574 2324 788 2364 Maximus
808 2325 999 2363 tertium.

231 2382 297 2421 15.
318 2381 440 2421 Mare
460 2383 566 2421 arsit
580 2395 628 2421 eo
650 2394 786 2430 anno3
816 2382 870 2421 ad
891 2381 1134 2421 Sinuessam
1153 2381 1228 2421 bos
1248 2380 1474 2434 equuleum

171 2439 368 2491 peperit3
413 2440 536 2492 signa
576 2438 759 2479 Lanuvii
795 2439 849 2479 ad
889 2438 1070 2479 Junonis
1110 2438 1289 2492 Sospitae
1329 2451 1475 2477 cruore
