1663 2718
183 130 236 168 46
478 129 591 166 ΤΙΤΙ
627 129 767 165 LIVII
806 126 1203 165 HISTORIARUM

593 319 858 359 CHAPTER
888 318 1102 358 XXXIII.

184 407 297 449 Phihp
321 408 358 439 of
378 407 547 439 Macedon.
599 408 645 438 At
668 408 743 439 first
766 407 934 438 uncertain
963 407 1109 439 whether
1138 407 1179 438 he
1210 406 1327 438 should
1346 404 1418 448 join
1441 406 1499 438 the

228 451 373 482 Romans
389 462 426 482 or
440 451 495 482 the
512 450 775 490 Carthaginians.
822 451 873 481 On
897 451 1028 481 Success
1051 450 1211 490 inclining
1233 454 1268 481 to
1291 449 1346 480 the
1363 449 1499 481 Cartha-

228 493 367 534 ginians,
384 494 479 524 sends
494 494 732 524 Ambassadors
749 498 783 525 to
799 493 977 525 Hannibal.
1020 493 1152 533 Falling
1167 503 1286 532 among
1300 492 1356 523 the
1371 492 1499 523 Roman

228 537 355 574 Forces,
380 537 435 568 the
455 536 692 567 Ambassadors
708 547 762 567 are
784 542 856 567 sent
878 541 912 567 to
935 536 991 567 the
1006 535 1139 572 Praetor,
1170 536 1320 566 Valerius
1336 535 1498 566 Laevinus.

228 579 458 621 Xenophanes,
474 580 531 610 the
546 579 642 610 Head
657 580 693 610 os
713 580 767 610 the
784 580 954 620 Embassy,
971 579 1092 610 affirms
1115 579 1188 609 that
1210 579 1252 609 he
1273 578 1338 610 and
1353 578 1406 609 his
1422 577 1497 609 Col-

230 623 359 663 leagues
390 633 471 653 were
502 622 748 653 commissioncd
779 626 812 653 to
837 622 920 652 form
947 632 989 652 an
1013 622 1161 652 Alliance
1188 621 1268 652 with
1289 621 1345 652 the
1371 621 1498 652 Roman

228 666 358 706 People.
415 665 479 696 His
507 666 687 696 Statement
717 664 872 695 believed.
927 665 996 695 The
1025 663 1263 695 Ambassadors
1293 663 1500 704 courteously

229 708 357 738 treated
372 708 437 738 and
452 707 606 748 provided
622 707 701 737 with
716 707 923 738 Attendants.
961 707 1190 747 Xenophanes,
1207 706 1341 747 passing
1356 706 1500 746 through

229 751 285 782 the
307 751 433 781 Roman
456 751 483 781 F
485 761 582 788 orces,
600 750 730 780 reaches
753 750 932 786 Hannibal,
949 749 1013 780 and
1029 750 1139 780 makes
1155 760 1174 779 a
1189 749 1319 790 League
1335 749 1415 780 with
1431 749 1499 780 him

231 804 271 823 on
288 793 409 824 certain
425 792 575 834 specified
591 792 897 824 Conditions.—*B.c.
914 794 987 824 215.

248 872 285 908 1.
318 870 369 909 IN
389 869 498 908 hanc
518 870 839 909 dimicationem
870 869 1049 908 duorum
1081 868 1500 921 opulentissimorum

186 928 234 966 in
258 927 384 966 terris
419 927 673 980 populorum
695 940 838 966 omnes
854 940 973 979 reges
997 929 1230 978 gentesque
1252 927 1415 965 animos
1435 927 1502 965 in-

186 985 440 1024 tenderant:
475 987 512 1023 2.
545 985 658 1023 inter
679 998 781 1036 quos
803 984 1030 1036 Philippus
1050 983 1335 1023 Macedonum
1355 997 1428 1022 rex
1450 997 1499 1022 eo

186 1042 337 1094 magis,
358 1042 472 1094 quod
506 1042 677 1094 propior
697 1041 850 1089 Italiae,
871 1054 919 1080 ao
951 1042 1057 1080 mari
1079 1044 1252 1080 tantum
1273 1040 1394 1080 Ionio
1416 1040 1502 1079 dis-

187 1104 328 1138 cretus
364 1102 466 1138 erat.
530 1102 568 1138 3.
600 1099 642 1138 Is
678 1099 754 1138 ubi
789 1099 975 1151 primum
1006 1098 1118 1137 fam-:1
1149 1099 1314 1150 accepit
1334 1098 1502 1136 Hanni-

186 1156 328 1195 balem
363 1155 492 1208 Alpes
527 1159 846 1208 transgressum,
883 1159 933 1194 ut
977 1155 1087 1194 bello
1119 1155 1232 1194 inter
1262 1155 1502 1194 Romanum

185 1213 452 1265 Poenumque
487 1216 579 1252 orto
599 1213 768 1252 laetatus
788 1216 891 1261 erat,
912 1213 988 1261 ita,
1008 1213 1147 1251 utrius
1172 1211 1322 1264 populi
1352 1211 1503 1251 mallet

187 1271 410 1309 victoriam
438 1284 539 1320 esse,
560 1271 734 1310 incertis
767 1270 904 1309 adhuc
925 1269 1086 1309 viribus
1107 1268 1337 1308 fluctuatus
1357 1269 1501 1308 animo

187 1328 342 1367 fuerat.
403 1330 443 1367 4.
476 1328 709 1380 Postquam
729 1328 859 1367 tertia
881 1327 972 1380 jam
993 1340 1151 1380 pugna,
1173 1327 1303 1366 tertia
1322 1327 1503 1367 victoria

187 1399 285 1424 cum
318 1386 460 1425 Poenis
507 1388 611 1434 erat,
648 1385 702 1424 ad
741 1385 957 1424 fortunam
997 1385 1224 1424 inclinavit
1254 1384 1502 1437 legatosque

187 1443 241 1482 ad
257 1442 545 1482 Hannibalem
565 1443 709 1490 misit3
731 1443 806 1495 qui
824 1443 1007 1481 vitantes
1028 1444 1174 1494 porti-is
1196 1441 1503 1481 Brundisinum

187 1500 562 1552 Tarentinumque,
612 1501 714 1553 quia
754 1500 956 1539 custodiis
997 1500 1172 1538 navium
1217 1499 1503 1538 Romanarum

186 1557 456 1605 tenebantur,
497 1558 551 1597 ad
586 1558 772 1597 Laciniae
803 1556 984 1596 Junonis
1019 1556 1230 1609 templum
1270 1557 1316 1596 in
1347 1559 1503 1595 terram

187 1617 342 1667 egressi
375 1618 486 1654 srmt.
549 1617 587 1655 5.
621 1615 725 1654 Inde
760 1628 834 1667 per
868 1614 1069 1666 Apuliam
1099 1616 1294 1667 petentes
1315 1613 1503 1666 Capuam

187 1673 329 1712 media
364 1673 409 1711 in
431 1673 627 1724 praesidia
659 1672 850 1711 Romana
879 1671 994 1710 illati
1026 1675 1139 1720 sunt,
1160 1671 1418 1724 deductique
1449 1671 1503 1710 ad

187 1729 405 1769 Valeriiun
441 1730 662 1769 Laevinum
697 1733 920 1782 praetorem
953 1730 1064 1768 circa
1103 1729 1327 1768 Luceriam
1367 1732 1504 1768 castra

186 1787 428 1827 habentem.
512 1788 550 1827 6.
582 1788 652 1827 Ibi
687 1787 902 1839 intrepide
937 1786 1235 1839 Xenophanes,
1276 1785 1504 1838 legationis

187 1846 397 1898 princeps,
419 1859 444 1884 a
465 1845 668 1898 Philippo
696 1857 795 1897 rege
817 1858 859 1883 se
889 1845 1066 1884 missum
1095 1845 1157 1883 ait
1179 1844 1232 1884 ad
1267 1844 1505 1883 amicitiam

185 1903 516 1955 societatemque
545 1902 810 1955 jungendam
841 1915 937 1941 cum
968 1901 1124 1954 populo
1141 1901 1356 1949 Romano3
1385 1913 1505 1940 man-

187 1960 287 1999 data
309 1960 464 1999 habere
480 1960 535 1999 ad
555 1959 742 1999 consules
763 1973 809 1998 ac
831 1962 1024 1998 senatum
1045 1958 1334 2012 populumque
1349 1958 1505 1998 Roma-

186 2031 303 2057 num.
367 2018 407 2058 7.
439 2017 613 2065 Praetor,
636 2019 749 2056 inter
785 2016 1042 2056 defectiones
1064 2020 1258 2056 veterum
1294 2017 1503 2055 sociorum

187 2079 297 2114 nova
327 2076 531 2115 societate
553 2078 642 2115 tam
675 2075 778 2114 clari
811 2075 923 2127 regis
955 2073 1078 2114 laetus
1100 2073 1342 2121 admodum,
1363 2073 1504 2113 hostes

186 2146 261 2185 pro
293 2133 532 2186 hospitibus
555 2133 734 2172 comiter
765 2132 941 2184 accepit.
1005 2134 1043 2170 8.
1080 2131 1165 2171 Dat
1196 2131 1270 2183 qui
1302 2144 1503 2183 prosequ-

187 2193 326 2238 antur,
358 2191 515 2230 itinera
550 2204 646 2229 cum
679 2194 775 2229 0111·ῑῖ
808 2190 1112 2237 demonstrent,
1133 2202 1227 2241 quae
1255 2187 1346 2227 loca
1378 2201 1504 2240 quos-3

187 2262 269 2300 quc
292 2248 422 2287 saltus
444 2251 519 2287 aut
539 2248 752 2287 Romanus
774 2250 849 2286 aut
869 2247 1008 2286 hostes
1039 2250 1226 2286 teneant.
1290 2248 1328 2285 9.
1360 2245 1505 2285 Xeno-

187 2306 345 2359 phanes
366 2319 440 2359 per
461 2306 656 2358 praesidia
678 2306 868 2345 Romana
895 2305 940 2344 in
972 2304 1260 2357 Campaniam,
1283 2303 1397 2351 inde,
1417 2304 1505 2356 qua

187 2364 428 2416 proximum
451 2365 549 2413 fuit,
566 2365 611 2403 in
633 2366 768 2403 castra
790 2362 1044 2402 Hannibalis
1061 2362 1268 2415 pervenit,
1282 2361 1503 2413 foedusque

187 2434 284 2460 cum
321 2435 369 2461 eo
403 2424 529 2474 atque
566 2422 802 2461 amicitiam
830 2419 979 2473 jungit
1016 2420 1183 2473 legibus
1215 2419 1307 2469 his3
1343 2420 1408 2458 10.
1453 2421 1503 2458 ut
