1663 2718
151 149 197 190 lO
433 149 545 187 ΤΙΤΙ
581 149 720 187 LlVII
756 148 819 185 HI
825 147 1151 186 STORIARUM

144 259 404 314 deprecando
432 261 580 312 magis,
601 261 729 311 quam
758 258 989 312 purgando,
1010 257 1206 311 placavit,
1229 258 1449 310 victusque

145 319 277 371 patris
305 318 496 370 precibus
518 317 785 368 lacrimisque
805 317 937 355 etiam
958 315 1011 354 ad
1042 327 1205 355 coenam
1225 328 1322 354 eum
1352 328 1449 354 cum

145 379 264 428 patre
297 375 437 413 vocari
473 374 626 427 jussit;
679 376 718 413 5.
749 374 819 412 cui
852 373 1044 412 convivio
1079 373 1294 412 neminem
1327 371 1450 412 Cam-

146 445 304 484 panum
342 434 623 484 praeterquam
666 431 851 483 hospites
885 429 1198 482 Vibelliumque
1230 430 1448 478 Tauream,

146 489 357 541 insignem
397 488 506 528 bello
547 489 700 536 virum,
736 488 1004 527 adhibiturus
1035 491 1138 527 erat.
1201 487 1240 527 6.
1273 486 1449 539 Epulari

147 549 364 598 coeperunt
384 545 437 585 de
458 546 540 593 die,
557 548 600 584 et
620 546 864 584 convivium
883 558 968 584 non
989 558 1039 584 ex
1058 558 1173 584 more
1193 544 1355 583 Punico
1375 546 1449 583 aut

146 603 326 642 militari
352 602 577 655 disciplina
597 616 697 651 esse,
720 602 804 649 sed,
825 605 874 641 ut
898 602 943 641 in
965 603 1139 641 civitate
1169 604 1297 654 atque
1318 602 1449 640 etiam

147 660 272 699 domo
293 660 375 699 diti
397 673 445 698 ac
465 660 691 707 luxuriosa,
723 660 918 698 omnibus
938 659 1211 711 voluptatum
1242 658 1449 698 illecebris

146 718 414 756 instructum.
478 717 517 757 7.
550 717 669 756 Unus
689 730 766 756 nec
787 716 1056 755 dominorum
1083 716 1351 763 invitatione,
1372 728 1450 754 nec

146 775 281 826 ipsius
314 773 531 812 interdum
561 773 829 820 Hannibalis,
852 772 1012 813 Calavii
1043 772 1156 811 filius
1186 772 1365 825 perpelli
1396 772 1451 812 ad

146 831 294 870 vinum
314 831 459 883 potuit
476 844 486 878 3
518 831 606 882 ipse
627 830 916 869 valetudinem
938 843 1151 878 excusans,
1177 832 1295 882 patre
1316 830 1451 869 animi

146 901 313 940 quoque
339 887 428 940 ejus
449 888 562 926 haud
586 887 825 927 mirabilem
845 887 1209 940 perturbationem
1239 889 1448 926 causante.

149 948 187 984 8.
219 945 327 985 Solis
369 946 498 984 ferme
531 958 677 985 occasu
716 948 881 997 patrem
915 944 1135 985 Calavium
1175 958 1227 984 ex
1257 945 1449 984 convivio

147 1015 358 1054 egressum
399 1005 601 1055 sequutus
642 1001 765 1041 filius.
832 1001 918 1042 Ubi
959 1003 1004 1041 in
1036 1002 1450 1042 secretum—hortus

147 1063 236 1098 erat
271 1061 443 1112 posticis
476 1060 631 1099 aedium
658 1060 1199 1112 partibus—pervenerunt,
1233 1060 1270 1098 9.
1293 1063 1320 1084 ‘⁴
1344 1059 1451 1099 Con-

146 1117 291 1156 silium
308 1116 328 1133 ’'
359 1118 502 1169 inquit
534 1121 559 1140 ‘⁶
573 1117 728 1165 adfero,
750 1120 881 1169 pater,
903 1130 987 1169 quo
1007 1130 1092 1156 non
1123 1117 1292 1156 veniam
1313 1116 1450 1156 solum

147 1175 322 1226 peccati,
357 1175 469 1226 quod
497 1174 726 1213 defecimus
757 1174 809 1213 ad
840 1174 1140 1222 Hannibalem,
1181 1175 1450 1226 impetraturi

146 1232 198 1270 ab
228 1231 443 1279 Romanis,
465 1232 535 1270 sed
570 1232 616 1270 in
646 1231 781 1270 multo
812 1231 969 1284 majore
999 1231 1212 1283 dignitate
1237 1234 1282 1270 et
1313 1231 1451 1283 grati-3.

145 1289 275 1328 simus
317 1288 533 1341 Campani,
579 1290 706 1341 quam
750 1302 937 1340 unquam
985 1289 1158 1336 fuimus,
1183 1286 1452 1340 fuerimus?

147 1346 286 1393 Quum
321 1346 597 1385 mirabundus
627 1349 760 1398 pater,
801 1347 1005 1399 quidnam
1038 1346 1083 1384 id
1122 1349 1230 1385 esset
1271 1345 1450 1393 consilii,

145 1407 362 1455 quaereret,
403 1407 503 1456 toga
543 1404 696 1456 rejecta
727 1404 781 1443 ab
820 1404 996 1442 humero
1037 1403 1148 1442 latus
1189 1404 1451 1442 succinctum

145 1460 287 1511 gladio
327 1461 474 1500 nudat.
559 1463 624 1500 10.
676 1461 814 1500 “Jam
854 1460 968 1513 ego,'’
1010 1461 1167 1513 inquit,
1209 1460 1452 1513 “sanguine

146 1518 400 1557 Hannibalis
441 1519 625 1557 sanciam
667 1518 903 1558 Romanum
939 1518 1089 1557 foedus.
1150 1518 1209 1557 Te
1250 1517 1295 1557 id
1335 1518 1451 1570 prius

145 1576 249 1614 scire
290 1575 417 1625 volui,
460 1577 495 1615 si
545 1576 652 1615 forte
693 1576 847 1625 abesse,
889 1576 991 1615 dum
1042 1575 1204 1614 facinus
1246 1578 1451 1628 patratur,

146 1632 328 1672 malles.'’

604 1803 870 1844 CHAPTER
911 1804 989 1843 lx.

144 1896 304 1930 Pacuvius
327 1897 480 1930 Calavius
502 1897 581 1929 with
602 1898 763 1939 difficulty
778 1898 908 1930 induces
932 1899 983 1931 his
1007 1899 1069 1931 Son
1086 1904 1119 1931 to
1139 1899 1248 1941 forego
1264 1899 1316 1931 his
1330 1899 1452 1940 Design

548 1941 677 1981 against
691 1942 976 1974 Hannibal—nc.
994 1945 1066 1974 210.

206 2027 243 2064 1.
276 2024 377 2072 QL'AE
416 2025 489 2064 ubi
521 2024 687 2064 audivit,
722 2024 916 2077 viditque
956 2038 1094 2072 scucx,
1131 2025 1250 2065 velut
1290 2026 1324 2065 si
1359 2025 1453 2078 jam

144 2082 331 2135 agendis,
345 2096 438 2135 quae
460 2082 673 2131 audiebat,
695 2082 928 2131 interesset,
950 2096 1092 2122 amens
1114 2087 1246 2132 metu,
1271 2087 1308 2122 2.
1332 2087 1358 2106 “
1372 2083 1453 2123 Per

143 2153 221 2193 ego
251 2143 294 2179 te
307 2139 328 2157 '³
360 2141 517 2192 inquit,
540 2143 564 2163 “
580 2139 655 2188 fili,
676 2153 951 2192 quincumque
973 2139 1072 2192 jura
1093 2139 1246 2180 liberos
1261 2141 1453 2193 jungunt-

145 2197 406 2250 parentibus,
446 2211 590 2250 precor
629 2211 865 2250 qmrsoque,
907 2210 959 2236 nc
1000 2201 1098 2237 antc
1139 2198 1279 2238 oculos
1320 2200 1452 2251 patris

144 2255 278 2294 facere
319 2258 363 2294 et
399 2256 489 2307 pati
524 2256 666 2294 omnia
697 2255 870 2294 infanda
903 2255 1020 2295 velis.
1084 2258 1122 2295 3.
1155 2256 1305 2296 Paucae
1341 2256 1452 2297 horae

143 2316 255 2360 sunt,
288 2312 400 2352 intra
435 2326 538 2365 quas
572 2312 764 2365 jurantes
799 2326 872 2365 per
911 2313 1120 2366 quidquid
1161 2313 1336 2353 deorum
1375 2318 1452 2361 est,

144 2370 300 2409 dextrae
351 2370 516 2409 dextras
561 2369 802 2422 jungentes,
854 2370 979 2410 fidem
1029 2371 1345 2419 obstrinximus,
1405 2377 1452 2411 ut

143 2430 322 2468 sacratas
360 2427 441 2467 fide
470 2429 619 2467 mansis
650 2428 825 2481 digressi
867 2441 891 2467 a
923 2428 1133 2482 colloquio
1164 2428 1375 2483 extemplo
1407 2430 1453 2469 in
