1663 2718
167 148 192 186 4
454 145 566 183 TITI
602 145 740 183 LIVlI
777 143 1171 183 HISTORIARUM

167 259 306 311 capite
326 270 398 296 vos
420 255 635 295 consulam
653 270 663 303 ;
694 255 807 308 quod
827 255 879 295 de
902 256 1068 307 qnoque
1100 253 1360 303 censueritis,
1381 253 1469 293 fiet.

169 315 251 355 Sed
286 315 402 366 prins
435 313 480 352 in
513 313 602 365 ejus
637 312 778 352 locum
812 313 953 351 virum
985 312 1140 351 fortem
1171 325 1219 351 ac
1250 314 1471 350 strenuum

167 385 325 411 novum
339 373 572 410 senatorem
588 369 853 422 cooptabitis,
867 371 994 422 quam
1008 369 1059 409 de
1075 369 1200 408 noxio
1214 367 1486 421 supplicium‘

168 427 395 468 sumatur.”
457 428 496 468 7.
528 427 632 466 Inde
664 427 866 474 consedit,
888 429 944 475 et,
970 426 1214 466 nominibus
1244 427 1288 464 in
1320 437 1472 464 urnam

169 485 383 538 conjectis,
405 485 542 532 citari,
563 484 676 537 quod
697 485 884 537 primum
903 486 1014 523 sorte
1035 497 1189 523 nomen
1211 483 1383 531 excidit,
1404 483 1470 535 ip-

169 556 344 595 sumque
366 556 388 581 e
419 542 535 581 curia‘i
564 542 753 594 produci,
780 541 923 593 jussit.
985 543 1023 581 8.
1057 541 1142 581 Ubi
1175 540 1372 580 auditum
1408 543 1471 579 est

170 613 336 648 nomen,
358 598 519 638 malum
540 603 583 638 et
604 598 846 650 improbum
866 611 941 650 pro
964 611 1005 637 se
1026 599 1205 650 quisque
1227 597 1407 636 clamare
1428 599 1473 635 et

169 657 376 710 supplicio
399 656 591 708 dignum.
645 657 682 694 9.
705 656 815 694 Tum
835 655 1069 694 Pacuvius:
1102 659 1128 679 “
1145 655 1293 703 Video,
1310 667 1404 706 quae
1419 654 1472 693 de

170 715 248 754 hoc
268 714 477 753 sententia
497 713 551 752 sit
570 728 578 752 :
612 713 710 751 date
740 713 874 764 igitur
894 725 968 763 pro
989 711 1101 751 malo
1131 714 1259 763 atque
1280 711 1472 764 improbo

169 772 328 810 bonum
361 772 599 809 senatorem
634 773 678 808 et
708 768 912 821 justum.”
989 771 1054 808 10.
1087 769 1231 807 Primo
1253 767 1474 807 silentium

170 830 261 866 erat
281 827 425 879 inopia
453 826 629 878 potioris
660 825 921 878 subjiciundi
935 840 946 873 3
977 825 1143 873 deinde,
1164 838 1298 878 quum
1318 824 1474 877 aliquis

171 885 322 924 omissa
340 884 594 923 verecundi-It
621 883 866 936 quempiam
886 882 1156 931 nominasset,
1178 882 1315 922 multo
1339 881 1475 935 major

171 941 384 994 extemplo
427 940 584 980 clamor
617 941 843 989 oriebatur,
889 942 953 979 11.
985 953 1118 992 quum
1153 939 1229 979 alii
1269 942 1475 992 negarent

170 999 302 1046 nosse,
323 998 398 1037 alii
419 1011 531 1037 nunc
551 998 715 1050 probra,
735 1011 848 1037 nunc
868 997 1159 1037 humilitatem
1180 997 1474 1049 sordidamque

170 1057 373 1108 inopiam,
400 1059 443 1095 et
473 1055 680 1107 pudendae
701 1056 803 1094 artis
833 1058 909 1094 aut
939 1057 1121 1107 quaesti‘is
1152 1068 1298 1108 genus,
1320 1054 1476 1107 objice-

170 1117 278 1152 rent.
343 1115 408 1152 12.
441 1113 534 1151 Hoc
555 1112 691 1151 multo
713 1112 848 1165 magis
864 1112 909 1150 in
931 1112 1111 1151 secundo
1128 1125 1176 1151 ac
1192 1113 1322 1151 tertio
1343 1112 1474 1151 citato

171 1173 359 1209 senatore
381 1174 443 1209 est
464 1170 645 1216 factum3
667 1173 715 1208 ut
737 1170 869 1221 ipsius
890 1170 1091 1222 prenitere
1112 1169 1304 1208 homines
1324 1182 1474 1221 appar-

171 1230 274 1276 eret,
297 1240 424 1279 quem
455 1229 599 1265 autem
630 1227 675 1265 in
706 1226 796 1279 ejus
816 1226 1124 1265 substituerent
1145 1226 1300 1274 locum,
1321 1226 1476 1273 deesse,

175 1286 239 1323 13.
271 1285 373 1336 quia
402 1297 478 1323 nec
509 1284 676 1323 eosdem
711 1283 922 1322 nominari
952 1283 1185 1332 adtinebat,
1218 1282 1329 1324 nihil
1358 1282 1477 1322 aliud

170 1343 299 1393 quam
329 1341 382 1380 ad
413 1341 622 1380 audienda
652 1340 802 1394 probra
822 1341 1075 1388 nominatos,
1097 1345 1142 1379 et
1161 1340 1298 1379 multo
1320 1339 1478 1379 humil-

170 1399 276 1438 iores
298 1398 637 1450 obscurioresque
663 1398 791 1437 ceteri
812 1401 931 1437 erant
961 1399 1034 1445 eis,
1055 1398 1130 1450 qui
1151 1398 1278 1450 primi
1299 1410 1480 1437 memor-

171 1456 222 1495 iae
250 1455 536 1495 occurrebant.
602 1457 666 1495 14.
698 1455 767 1494 Ita
798 1454 929 1494 dilabi
960 1455 1167 1502 homines,
1207 1455 1478 1494 notissimum

171 1513 367 1565 quodque
397 1512 559 1552 malum
589 1526 784 1552 maxume
812 1511 1033 1551 tolerabile
1053 1512 1242 1552 dicentes
1262 1525 1363 1560 esse,
1378 1511 1480 1564 jub-

171 1574 372 1623 entesque
395 1574 588 1610 senatum
610 1584 660 1609 ex
682 1570 872 1610 custodia
893 1570 1071 1609 dimitti.

636 1752 901 1792 CHAPTER
932 1753 1004 1793 IV.

174 1848 333 1880 Pacuvius
349 1848 492 1888 acquires
516 1847 664 1878 absolute
681 1847 792 1878 Powcr
807 1852 843 1878 at.
866 1848 986 1889 Capua.
1032 1848 1081 1880 Its
1101 1848 1217 1880 Senatc
1233 1848 1426 1891 obsequious
1448 1854 1482 1881 to

217 1892 273 1922 the
296 1891 425 1931 People.
472 1890 546 1921 Evil
568 1890 689 1921 Effects
716 1891 875 1931 resultiug
895 1892 1079 1923 theresrom.
1127 1893 1248 1925 Causas
1264 1893 1365 1925 which
1389 1893 1483 1925 alono

216 1933 393 1975 preventcd
409 1944 449 1964 an
468 1933 654 1964 immediate
671 1933 787 1964 Revolt
805 1935 886 1964 from
904 1934 1122 1968 Roma—irc.
1140 1938 1213 1968 216.

237 2021 272 2057 l.
306 2018 399 2057 Hoc
431 2017 554 2056 modo
577 2017 785 2056 Pacuvius
811 2030 944 2070 quum
975 2019 1206 2059 obnoxium
1228 2021 1327 2060 vitae
1357 2020 1483 2061 bene-

177 2076 270 2115 ficio
305 2078 498 2114 senatum
530 2074 666 2114 multo
703 2075 784 2114 sibi
813 2077 960 2128 magiS,
986 2078 1114 2127 quam
1146 2077 1277 2129 plebi,
1299 2079 1482 2125 fecisset,

175 2135 264 2173 sine
296 2133 435 2180 armis,
466 2132 557 2185 jam
591 2132 786 2171 omuibus
813 2133 1141 2173 concedentibus
1172 2134 1481 2175 dominabatur.

179 2195 214 2230 2.
247 2191 359 2229 Hine
381 2195 604 2237 senatores,
627 2190 778 2229 omiss-51
797 2190 1022 2242 dignitatis
1042 2191 1337 2245 libertatisque
1350 2206 1484 2233 mem-

177 2249 277 2295 (τι-ἰῇ,
301 2247 467 2300 plebem
490 2247 678 2286 adulari:
704 2250 741 2286 3.
774 2247 969 2295 salutare,
986 2248 1169 2301 benigne
1192 2250 1389 2298 invitare,
1410 2251 1484 2291 ad—

178 2306 334 2358 paratis
356 2305 543 2357 accipere
567 2305 716 2357 epulis,
742 2318 810 2344 cas
839 2319 980 2344 causas
1001 2307 1224 2359 suscipere,
1247 2308 1287 2347 ei
1319 2321 1484 2362 semper

178 2363 287 2416 parti
325 2363 478 2409 adesse,
510 2363 740 2401 secundum
777 2375 869 2401 eam
904 2362 1025 2402 litem
1055 2363 1220 2416 judices
1256 2365 1369 2414 dare,
1389 2379 1485 2419 quae

179 2421 312 2473 magis
336 2419 548 2473 popularis
571 2420 790 2472 aptiorque.
824 2421 865 2458 in
890 2420 1035 2473 vulgus
1058 2422 1189 2461 favori
1221 2422 1484 2464 conciliando
