<?xml version="1.0" encoding="UTF-8"?>
<!DOCTYPE html PUBLIC "-//W3C//DTD XHTML 1.0 Transitional//EN"
    "http://www.w3.org/TR/xhtml1/DTD/xhtml1-transitional.dtd">
<html xmlns="http://www.w3.org/1999/xhtml" xml:lang="en" lang="en">
 <head>
  <title>
</title>
<meta http-equiv="Content-Type" content="text/html;charset=utf-8" />
  <meta name='ocr-system' content='tesseract 3.04.00' />
  <meta name='ocr-capabilities' content='ocr_page ocr_carea ocr_par ocr_line ocrx_word'/>
</head>
<body>
  <div class='ocr_page' id='page_1' title='image "./bookxxiiiwithexp00livyuoft_0018.png"; bbox 0 0 1663 2718; ppageno 0'>
   <div class='ocr_carea' id='block_1_1' title="bbox 157 155 1163 194">
    <p class='ocr_par' dir='ltr' id='par_1_1' title="bbox 157 155 1163 194">
     <span class='ocr_line' id='line_1_1' title="bbox 157 155 1163 194; baseline -0.002 0"><span class='ocrx_word' id='word_1_1' title='bbox 157 157 180 194; x_wconf 76' lang='grc' dir='ltr'>ὁ</span> <span class='ocrx_word' id='word_1_2' title='bbox 443 157 554 193; x_wconf 90' lang='grc' dir='ltr'><strong>ΤΙΤΙ</strong></span> <span class='ocrx_word' id='word_1_3' title='bbox 590 155 729 193; x_wconf 86' lang='lat' dir='ltr'><strong>LIVII</strong></span> <span class='ocrx_word' id='word_1_4' title='bbox 768 155 1163 194; x_wconf 83' lang='lat' dir='ltr'><strong>HISTORIARUM</strong></span> 
     </span>
    </p>
   </div>
   <div class='ocr_carea' id='block_1_2' title="bbox 154 264 1513 2542">
    <p class='ocr_par' dir='ltr' id='par_1_2' title="bbox 154 264 1513 2542">
     <span class='ocr_line' id='line_1_2' title="bbox 154 264 1460 319; baseline -0.003 -13"><span class='ocrx_word' id='word_1_5' title='bbox 154 267 423 319; x_wconf 84' lang='lat' dir='ltr'>imperemus,</span> <span class='ocrx_word' id='word_1_6' title='bbox 458 269 677 318; x_wconf 78' lang='lat' dir='ltr'><strong>tamquam</strong></span> <span class='ocrx_word' id='word_1_7' title='bbox 717 267 879 318; x_wconf 82' lang='lat' dir='ltr'>equites</span> <span class='ocrx_word' id='word_1_8' title='bbox 921 264 1189 305; x_wconf 82' lang='lat' dir='ltr'><strong>habeamus?</strong></span> <span class='ocrx_word' id='word_1_9' title='bbox 1234 264 1460 317; x_wconf 87' lang='lat' dir='ltr'>pecuniam</span> 
     </span>
     <span class='ocr_line' id='line_1_3' title="bbox 155 321 1513 375; baseline -0.005 -12"><span class='ocrx_word' id='word_1_10' title='bbox 155 324 294 363; x_wconf 83' lang='lat' dir='ltr'>deesse</span> <span class='ocrx_word' id='word_1_11' title='bbox 315 324 518 371; x_wconf 87' lang='lat' dir='ltr'>dicamus,</span> <span class='ocrx_word' id='word_1_12' title='bbox 552 327 770 375; x_wconf 78' lang='lat' dir='ltr'><strong>tamquam</strong></span> <span class='ocrx_word' id='word_1_13' title='bbox 806 336 855 362; x_wconf 87' lang='lat' dir='ltr'>ea</span> <span class='ocrx_word' id='word_1_14' title='bbox 884 325 1053 362; x_wconf 84' lang='lat' dir='ltr'>tantum</span> <span class='ocrx_word' id='word_1_15' title='bbox 1087 321 1233 361; x_wconf 86' lang='lat' dir='ltr'>desit?</span> <span class='ocrx_word' id='word_1_16' title='bbox 1265 321 1304 361; x_wconf 90' lang='grc'>6.</span> <span class='ocrx_word' id='word_1_17' title='bbox 1333 321 1459 369; x_wconf 87' lang='lat' dir='ltr'>nihil,</span> <span class='ocrx_word' id='word_1_18' title='bbox 1510 354 1513 356; x_wconf 86' lang='lat'>.</span> 
     </span>
     <span class='ocr_line' id='line_1_4' title="bbox 155 378 1457 433; baseline -0.002 -14"><span class='ocrx_word' id='word_1_19' title='bbox 155 393 208 420; x_wconf 90' lang='lat' dir='ltr'>ne</span> <span class='ocrx_word' id='word_1_20' title='bbox 243 381 356 432; x_wconf 90' lang='lat' dir='ltr'>quod</span> <span class='ocrx_word' id='word_1_21' title='bbox 388 380 677 433; x_wconf 84' lang='lat' dir='ltr'>suppleremus</span> <span class='ocrx_word' id='word_1_22' title='bbox 707 381 893 433; x_wconf 89' lang='lat' dir='ltr'>quidem,</span> <span class='ocrx_word' id='word_1_23' title='bbox 914 380 1035 419; x_wconf 87' lang='lat' dir='ltr'>nobis</span> <span class='ocrx_word' id='word_1_24' title='bbox 1064 379 1241 431; x_wconf 89' lang='lat' dir='ltr'>reliquit</span> <span class='ocrx_word' id='word_1_25' title='bbox 1273 378 1457 418; x_wconf 87' lang='lat' dir='ltr'>fortuna.</span> 
     </span>
     <span class='ocr_line' id='line_1_5' title="bbox 156 436 1460 490; baseline -0.002 -13"><span class='ocrx_word' id='word_1_26' title='bbox 156 438 377 490; x_wconf 82' lang='lat' dir='ltr'>Legiones,</span> <span class='ocrx_word' id='word_1_27' title='bbox 398 438 627 490; x_wconf 79' lang='lat' dir='ltr'>equitatus,</span> <span class='ocrx_word' id='word_1_28' title='bbox 655 450 784 484; x_wconf 88' lang='lat' dir='ltr'>arma,</span> <span class='ocrx_word' id='word_1_29' title='bbox 806 439 938 489; x_wconf 85' lang='lat' dir='ltr'>signa,</span> <span class='ocrx_word' id='word_1_30' title='bbox 959 437 1057 489; x_wconf 90' lang='lat' dir='ltr'>equi</span> <span class='ocrx_word' id='word_1_31' title='bbox 1079 437 1258 489; x_wconf 89' lang='lat' dir='ltr'>virique,</span> <span class='ocrx_word' id='word_1_32' title='bbox 1283 436 1460 489; x_wconf 86' lang='lat' dir='ltr'>pecunia</span> 
     </span>
     <span class='ocr_line' id='line_1_6' title="bbox 156 493 1460 546; baseline -0.002 -13"><span class='ocrx_word' id='word_1_33' title='bbox 156 499 427 543; x_wconf 80' lang='lat' dir='ltr'>commeatus,</span> <span class='ocrx_word' id='word_1_34' title='bbox 448 498 525 534; x_wconf 87' lang='lat' dir='ltr'>aut</span> <span class='ocrx_word' id='word_1_35' title='bbox 556 495 602 534; x_wconf 88' lang='lat' dir='ltr'>in</span> <span class='ocrx_word' id='word_1_36' title='bbox 633 495 723 534; x_wconf 84' lang='lat' dir='ltr'>acie</span> <span class='ocrx_word' id='word_1_37' title='bbox 750 498 825 533; x_wconf 84' lang='lat' dir='ltr'>aut</span> <span class='ocrx_word' id='word_1_38' title='bbox 859 494 970 533; x_wconf 89' lang='lat' dir='ltr'>binis</span> <span class='ocrx_word' id='word_1_39' title='bbox 1000 496 1165 546; x_wconf 89' lang='lat' dir='ltr'>postero</span> <span class='ocrx_word' id='word_1_40' title='bbox 1196 493 1266 532; x_wconf 92' lang='lat' dir='ltr'>die</span> <span class='ocrx_word' id='word_1_41' title='bbox 1296 493 1460 532; x_wconf 82' lang='lat' dir='ltr'>amissis</span> 
     </span>
     <span class='ocr_line' id='line_1_7' title="bbox 156 549 1458 604; baseline -0.002 -13"><span class='ocrx_word' id='word_1_42' title='bbox 156 553 300 591; x_wconf 88' lang='lat' dir='ltr'>castris</span> <span class='ocrx_word' id='word_1_43' title='bbox 327 553 556 604; x_wconf 89' lang='lat' dir='ltr'>perierunt.</span> <span class='ocrx_word' id='word_1_44' title='bbox 617 551 656 592; x_wconf 89' lang='lat'>7.</span> <span class='ocrx_word' id='word_1_45' title='bbox 688 552 839 604; x_wconf 87' lang='lat' dir='ltr'>Itaque</span> <span class='ocrx_word' id='word_1_46' title='bbox 869 564 953 591; x_wconf 92' lang='lat' dir='ltr'>non</span> <span class='ocrx_word' id='word_1_47' title='bbox 977 550 1136 603; x_wconf 85' lang='lat' dir='ltr'>juvetis</span> <span class='ocrx_word' id='word_1_48' title='bbox 1166 563 1241 590; x_wconf 88' lang='lat' dir='ltr'>nos</span> <span class='ocrx_word' id='word_1_49' title='bbox 1270 550 1314 589; x_wconf 94' lang='lat' dir='ltr'>in</span> <span class='ocrx_word' id='word_1_50' title='bbox 1346 549 1458 590; x_wconf 90' lang='lat' dir='ltr'>bello</span> 
     </span>
     <span class='ocr_line' id='line_1_8' title="bbox 156 607 1459 661; baseline -0.002 -13"><span class='ocrx_word' id='word_1_51' title='bbox 156 613 337 661; x_wconf 83' lang='lat' dir='ltr'>oportet,</span> <span class='ocrx_word' id='word_1_52' title='bbox 369 609 586 661; x_wconf 89' lang='lat' dir='ltr'>Campani,</span> <span class='ocrx_word' id='word_1_53' title='bbox 621 609 692 648; x_wconf 87' lang='lat' dir='ltr'>sed</span> <span class='ocrx_word' id='word_1_54' title='bbox 728 622 845 661; x_wconf 83' lang='lat' dir='ltr'>paene</span> <span class='ocrx_word' id='word_1_55' title='bbox 875 607 1037 648; x_wconf 91' lang='lat' dir='ltr'>bellum</span> <span class='ocrx_word' id='word_1_56' title='bbox 1058 621 1132 660; x_wconf 93' lang='lat' dir='ltr'>pro</span> <span class='ocrx_word' id='word_1_57' title='bbox 1153 607 1274 646; x_wconf 90' lang='lat' dir='ltr'>nobis</span> <span class='ocrx_word' id='word_1_58' title='bbox 1299 608 1459 659; x_wconf 88' lang='lat' dir='ltr'>suscip—</span> 
     </span>
     <span class='ocr_line' id='line_1_9' title="bbox 156 664 1455 718; baseline -0.002 -13"><span class='ocrx_word' id='word_1_59' title='bbox 156 666 268 705; x_wconf 86' lang='lat' dir='ltr'>iatis.</span> <span class='ocrx_word' id='word_1_60' title='bbox 342 669 380 706; x_wconf 89' lang='lat'>8.</span> <span class='ocrx_word' id='word_1_61' title='bbox 427 667 582 705; x_wconf 84' lang='lat' dir='ltr'>Veniat</span> <span class='ocrx_word' id='word_1_62' title='bbox 613 666 660 705; x_wconf 91' lang='lat' dir='ltr'>in</span> <span class='ocrx_word' id='word_1_63' title='bbox 695 669 897 714; x_wconf 88' lang='lat' dir='ltr'>mentem,</span> <span class='ocrx_word' id='word_1_64' title='bbox 938 668 989 704; x_wconf 84' lang='lat' dir='ltr'>ut</span> <span class='ocrx_word' id='word_1_65' title='bbox 1022 664 1209 718; x_wconf 87' lang='lat' dir='ltr'>trepidos</span> <span class='ocrx_word' id='word_1_66' title='bbox 1243 664 1455 716; x_wconf 86' lang='lat' dir='ltr'>quondam</span> 
     </span>
     <span class='ocr_line' id='line_1_10' title="bbox 155 721 1459 775; baseline -0.002 -13"><span class='ocrx_word' id='word_1_67' title='bbox 155 723 332 775; x_wconf 86' lang='lat' dir='ltr'>majores</span> <span class='ocrx_word' id='word_1_68' title='bbox 352 727 511 762; x_wconf 84' lang='lat' dir='ltr'>vestros</span> <span class='ocrx_word' id='word_1_69' title='bbox 532 724 645 762; x_wconf 87' lang='lat' dir='ltr'>intra</span> <span class='ocrx_word' id='word_1_70' title='bbox 674 723 832 762; x_wconf 87' lang='lat' dir='ltr'>moenia</span> <span class='ocrx_word' id='word_1_71' title='bbox 853 721 1102 774; x_wconf 80' lang='lat' dir='ltr'>compUISOS,</span> <span class='ocrx_word' id='word_1_72' title='bbox 1122 735 1201 761; x_wconf 91' lang='lat' dir='ltr'>nec</span> <span class='ocrx_word' id='word_1_73' title='bbox 1222 721 1459 761; x_wconf 87' lang='lat' dir='ltr'>Samnitem</span> 
     </span>
     <span class='ocr_line' id='line_1_11' title="bbox 156 779 1458 831; baseline -0.002 -12"><span class='ocrx_word' id='word_1_74' title='bbox 156 781 281 819; x_wconf 90' lang='lat' dir='ltr'>modo</span> <span class='ocrx_word' id='word_1_75' title='bbox 302 781 468 819; x_wconf 90' lang='lat' dir='ltr'>hostem</span> <span class='ocrx_word' id='word_1_76' title='bbox 499 780 571 819; x_wconf 89' lang='lat' dir='ltr'>sed</span> <span class='ocrx_word' id='word_1_77' title='bbox 601 780 732 819; x_wconf 84' lang='lat' dir='ltr'>etiam</span> <span class='ocrx_word' id='word_1_78' title='bbox 759 779 996 819; x_wconf 83' lang='lat' dir='ltr'>Sidicinum</span> <span class='ocrx_word' id='word_1_79' title='bbox 1026 782 1242 830; x_wconf 81' lang='lat' dir='ltr'>paventes,</span> <span class='ocrx_word' id='word_1_80' title='bbox 1267 781 1458 831; x_wconf 86' lang='lat' dir='ltr'>receptos</span> 
     </span>
     <span class='ocr_line' id='line_1_12' title="bbox 155 836 1458 888; baseline 0 -13"><span class='ocrx_word' id='word_1_81' title='bbox 155 838 201 876; x_wconf 93' lang='lat' dir='ltr'>in</span> <span class='ocrx_word' id='word_1_82' title='bbox 252 837 393 885; x_wconf 89' lang='lat' dir='ltr'>fidem,</span> <span class='ocrx_word' id='word_1_83' title='bbox 434 837 488 876; x_wconf 88' lang='lat' dir='ltr'>ad</span> <span class='ocrx_word' id='word_1_84' title='bbox 527 837 762 876; x_wconf 83' lang='lat' dir='ltr'>Saticulam</span> <span class='ocrx_word' id='word_1_85' title='bbox 811 836 1135 884; x_wconf 78' lang='lat' dir='ltr'>defenderimus,</span> <span class='ocrx_word' id='word_1_86' title='bbox 1186 839 1458 888; x_wconf 85' lang='lat' dir='ltr'>coeptumque</span> 
     </span>
     <span class='ocr_line' id='line_1_13' title="bbox 156 893 1458 947; baseline -0.001 -14"><span class='ocrx_word' id='word_1_87' title='bbox 156 898 328 947; x_wconf 88' lang='lat' dir='ltr'>propter</span> <span class='ocrx_word' id='word_1_88' title='bbox 349 908 421 933; x_wconf 79' lang='lat' dir='ltr'>vos</span> <span class='ocrx_word' id='word_1_89' title='bbox 443 908 540 933; x_wconf 90' lang='lat' dir='ltr'>cum</span> <span class='ocrx_word' id='word_1_90' title='bbox 571 893 834 934; x_wconf 86' lang='lat' dir='ltr'>Samnitibus</span> <span class='ocrx_word' id='word_1_91' title='bbox 856 893 1018 933; x_wconf 88' lang='lat' dir='ltr'>bellum</span> <span class='ocrx_word' id='word_1_92' title='bbox 1040 907 1114 946; x_wconf 90' lang='lat' dir='ltr'>per</span> <span class='ocrx_word' id='word_1_93' title='bbox 1135 897 1306 933; x_wconf 89' lang='lat' dir='ltr'>centum</span> <span class='ocrx_word' id='word_1_94' title='bbox 1327 906 1458 946; x_wconf 87' lang='lat' dir='ltr'>prope</span> 
     </span>
     <span class='ocr_line' id='line_1_14' title="bbox 156 950 1457 1004; baseline 0 -14"><span class='ocrx_word' id='word_1_95' title='bbox 156 965 284 991; x_wconf 87' lang='lat' dir='ltr'>annos</span> <span class='ocrx_word' id='word_1_96' title='bbox 300 953 490 991; x_wconf 79' lang='lat' dir='ltr'>variante</span> <span class='ocrx_word' id='word_1_97' title='bbox 507 952 676 991; x_wconf 69' lang='lat' dir='ltr'>fortuna</span> <span class='ocrx_word' id='word_1_98' title='bbox 692 955 889 991; x_wconf 80' lang='lat' dir='ltr'>eventum</span> <span class='ocrx_word' id='word_1_99' title='bbox 903 951 1138 990; x_wconf 83' lang='lat' dir='ltr'>tulerimus.</span> <span class='ocrx_word' id='word_1_100' title='bbox 1201 952 1239 990; x_wconf 88' lang='lat'>9.</span> <span class='ocrx_word' id='word_1_101' title='bbox 1271 950 1457 1004; x_wconf 83' lang='lat' dir='ltr'>Adjicite</span> 
     </span>
     <span class='ocr_line' id='line_1_15' title="bbox 156 1007 1456 1061; baseline -0.001 -13"><span class='ocrx_word' id='word_1_102' title='bbox 156 1009 208 1048; x_wconf 91' lang='lat' dir='ltr'>ad</span> <span class='ocrx_word' id='word_1_103' title='bbox 230 1009 331 1057; x_wconf 84' lang='lat' dir='ltr'>haec,</span> <span class='ocrx_word' id='word_1_104' title='bbox 352 1010 464 1061; x_wconf 78' lang='lat' dir='ltr'>quod</span> <span class='ocrx_word' id='word_1_105' title='bbox 485 1009 620 1048; x_wconf 85' lang='lat' dir='ltr'>foedus</span> <span class='ocrx_word' id='word_1_106' title='bbox 641 1022 808 1061; x_wconf 84' lang='lat' dir='ltr'>aequum</span> <span class='ocrx_word' id='word_1_107' title='bbox 829 1009 999 1058; x_wconf 87' lang='lat' dir='ltr'>deditis,</span> <span class='ocrx_word' id='word_1_108' title='bbox 1020 1009 1132 1061; x_wconf 73' lang='lat' dir='ltr'>quod</span> <span class='ocrx_word' id='word_1_109' title='bbox 1153 1007 1266 1061; x_wconf 85' lang='lat' dir='ltr'>leges</span> <span class='ocrx_word' id='word_1_110' title='bbox 1287 1011 1456 1056; x_wconf 80' lang='lat' dir='ltr'>vestras,</span> 
     </span>
     <span class='ocr_line' id='line_1_16' title="bbox 156 1066 1456 1119; baseline -0.001 -14"><span class='ocrx_word' id='word_1_111' title='bbox 156 1066 265 1118; x_wconf 75' lang='lat' dir='ltr'>quod</span> <span class='ocrx_word' id='word_1_112' title='bbox 301 1067 354 1105; x_wconf 88' lang='lat' dir='ltr'>ad</span> <span class='ocrx_word' id='word_1_113' title='bbox 391 1071 639 1114; x_wconf 82' lang='lat' dir='ltr'>extremum,</span> <span class='ocrx_word' id='word_1_114' title='bbox 675 1067 719 1106; x_wconf 91' lang='lat' dir='ltr'>id</span> <span class='ocrx_word' id='word_1_115' title='bbox 759 1067 871 1119; x_wconf 88' lang='lat' dir='ltr'>quod</span> <span class='ocrx_word' id='word_1_116' title='bbox 906 1070 1005 1106; x_wconf 89' lang='lat' dir='ltr'>ante</span> <span class='ocrx_word' id='word_1_117' title='bbox 1042 1066 1303 1106; x_wconf 88' lang='lat' dir='ltr'>Cannensem</span> <span class='ocrx_word' id='word_1_118' title='bbox 1343 1069 1456 1105; x_wconf 89' lang='lat' dir='ltr'>certe</span> 
     </span>
     <span class='ocr_line' id='line_1_17' title="bbox 157 1123 1457 1176; baseline 0 -14"><span class='ocrx_word' id='word_1_119' title='bbox 157 1123 321 1162; x_wconf 86' lang='lat' dir='ltr'>cladem</span> <span class='ocrx_word' id='word_1_120' title='bbox 341 1137 587 1163; x_wconf 74' lang='lat' dir='ltr'>maxumum</span> <span class='ocrx_word' id='word_1_121' title='bbox 608 1125 706 1171; x_wconf 88' lang='lat' dir='ltr'>fuit,</span> <span class='ocrx_word' id='word_1_122' title='bbox 720 1125 940 1163; x_wconf 78' lang='lat' dir='ltr'>civitatem</span> <span class='ocrx_word' id='word_1_123' title='bbox 960 1127 1147 1163; x_wconf 85' lang='lat' dir='ltr'>nostram</span> <span class='ocrx_word' id='word_1_124' title='bbox 1167 1136 1331 1176; x_wconf 84' lang='lat' dir='ltr'>magnae</span> <span class='ocrx_word' id='word_1_125' title='bbox 1344 1124 1457 1176; x_wconf 87' lang='lat' dir='ltr'>parti</span> 
     </span>
     <span class='ocr_line' id='line_1_18' title="bbox 155 1180 1456 1233; baseline 0 -14"><span class='ocrx_word' id='word_1_126' title='bbox 155 1184 340 1219; x_wconf 80' lang='lat' dir='ltr'>vestrum</span> <span class='ocrx_word' id='word_1_127' title='bbox 365 1181 558 1220; x_wconf 85' lang='lat' dir='ltr'>dedimus</span> <span class='ocrx_word' id='word_1_128' title='bbox 579 1182 1065 1233; x_wconf 79' lang='lat' dir='ltr'>communicavimusque</span> <span class='ocrx_word' id='word_1_129' title='bbox 1096 1180 1326 1220; x_wconf 77' lang='lat' dir='ltr'>vobiscum.</span> <span class='ocrx_word' id='word_1_130' title='bbox 1390 1182 1456 1220; x_wconf 81' lang='lat'>10.</span> 
     </span>
     <span class='ocr_line' id='line_1_19' title="bbox 155 1238 1457 1290; baseline 0.001 -14"><span class='ocrx_word' id='word_1_131' title='bbox 155 1238 307 1289; x_wconf 86' lang='lat' dir='ltr'>Itaque</span> <span class='ocrx_word' id='word_1_132' title='bbox 329 1251 596 1277; x_wconf 88' lang='lat' dir='ltr'>communem</span> <span class='ocrx_word' id='word_1_133' title='bbox 616 1252 687 1277; x_wconf 80' lang='lat' dir='ltr'>vos</span> <span class='ocrx_word' id='word_1_134' title='bbox 720 1238 827 1277; x_wconf 85' lang='lat' dir='ltr'>hanc</span> <span class='ocrx_word' id='word_1_135' title='bbox 858 1238 1034 1284; x_wconf 87' lang='lat' dir='ltr'>cladem,</span> <span class='ocrx_word' id='word_1_136' title='bbox 1055 1251 1148 1290; x_wconf 83' lang='lat' dir='ltr'>quae</span> <span class='ocrx_word' id='word_1_137' title='bbox 1178 1241 1351 1290; x_wconf 84' lang='lat' dir='ltr'>accepta</span> <span class='ocrx_word' id='word_1_138' title='bbox 1380 1242 1457 1285; x_wconf 86' lang='lat' dir='ltr'>est,</span> 
     </span>
     <span class='ocr_line' id='line_1_20' title="bbox 157 1295 1459 1348; baseline 0.001 -15"><span class='ocrx_word' id='word_1_139' title='bbox 157 1296 338 1344; x_wconf 88' lang='lat' dir='ltr'>credere,</span> <span class='ocrx_word' id='word_1_140' title='bbox 373 1295 590 1347; x_wconf 85' lang='lat' dir='ltr'>Campani,</span> <span class='ocrx_word' id='word_1_141' title='bbox 631 1299 820 1348; x_wconf 84' lang='lat' dir='ltr'>oportet3</span> <span class='ocrx_word' id='word_1_142' title='bbox 864 1309 1131 1334; x_wconf 89' lang='lat' dir='ltr'>communem</span> <span class='ocrx_word' id='word_1_143' title='bbox 1170 1296 1355 1347; x_wconf 85' lang='lat' dir='ltr'>patriam</span> <span class='ocrx_word' id='word_1_144' title='bbox 1389 1298 1459 1335; x_wconf 85' lang='lat' dir='ltr'>tu-</span> 
     </span>
     <span class='ocr_line' id='line_1_21' title="bbox 157 1352 1459 1392; baseline 0.001 -2"><span class='ocrx_word' id='word_1_145' title='bbox 157 1353 309 1391; x_wconf 84' lang='lat' dir='ltr'>endam</span> <span class='ocrx_word' id='word_1_146' title='bbox 349 1353 545 1391; x_wconf 86' lang='lat' dir='ltr'>arbitrari</span> <span class='ocrx_word' id='word_1_147' title='bbox 586 1366 686 1392; x_wconf 83' lang='lat' dir='ltr'>esse.</span> <span class='ocrx_word' id='word_1_148' title='bbox 763 1355 827 1392; x_wconf 92' lang='grc'>11.</span> <span class='ocrx_word' id='word_1_149' title='bbox 873 1353 968 1392; x_wconf 89' lang='lat' dir='ltr'>Non</span> <span class='ocrx_word' id='word_1_150' title='bbox 1019 1366 1114 1392; x_wconf 90' lang='lat' dir='ltr'>cum</span> <span class='ocrx_word' id='word_1_151' title='bbox 1147 1352 1338 1392; x_wconf 87' lang='lat' dir='ltr'>Samnite</span> <span class='ocrx_word' id='word_1_152' title='bbox 1384 1355 1459 1392; x_wconf 82' lang='lat' dir='ltr'>aut</span> 
     </span>
     <span class='ocr_line' id='line_1_22' title="bbox 157 1409 1459 1462; baseline 0.001 -14"><span class='ocrx_word' id='word_1_153' title='bbox 157 1410 335 1449; x_wconf 87' lang='lat' dir='ltr'>Etrusco</span> <span class='ocrx_word' id='word_1_154' title='bbox 366 1423 430 1448; x_wconf 84' lang='lat' dir='ltr'>res</span> <span class='ocrx_word' id='word_1_155' title='bbox 451 1414 526 1458; x_wconf 84' lang='lat' dir='ltr'>est,</span> <span class='ocrx_word' id='word_1_156' title='bbox 549 1413 609 1458; x_wconf 85' lang='lat' dir='ltr'>ut,</span> <span class='ocrx_word' id='word_1_157' title='bbox 631 1411 743 1462; x_wconf 87' lang='lat' dir='ltr'>quod</span> <span class='ocrx_word' id='word_1_158' title='bbox 765 1424 789 1449; x_wconf 89' lang='lat' dir='ltr'>a</span> <span class='ocrx_word' id='word_1_159' title='bbox 808 1410 929 1449; x_wconf 88' lang='lat' dir='ltr'>nobis</span> <span class='ocrx_word' id='word_1_160' title='bbox 959 1409 1151 1449; x_wconf 88' lang='lat' dir='ltr'>ablatum</span> <span class='ocrx_word' id='word_1_161' title='bbox 1172 1411 1242 1458; x_wconf 87' lang='lat' dir='ltr'>sit,</span> <span class='ocrx_word' id='word_1_162' title='bbox 1262 1410 1307 1449; x_wconf 89' lang='lat' dir='ltr'>in</span> <span class='ocrx_word' id='word_1_163' title='bbox 1330 1409 1459 1449; x_wconf 69' lang='lat' dir='ltr'>Italia</span> 
     </span>
     <span class='ocr_line' id='line_1_23' title="bbox 157 1467 1458 1519; baseline 0.001 -14"><span class='ocrx_word' id='word_1_164' title='bbox 157 1470 298 1506; x_wconf 87' lang='lat' dir='ltr'>tamen</span> <span class='ocrx_word' id='word_1_165' title='bbox 335 1468 562 1519; x_wconf 87' lang='lat' dir='ltr'>imperium</span> <span class='ocrx_word' id='word_1_166' title='bbox 602 1470 798 1507; x_wconf 87' lang='lat' dir='ltr'>maneat:</span> <span class='ocrx_word' id='word_1_167' title='bbox 845 1467 1000 1507; x_wconf 85' lang='lat' dir='ltr'>Poenus</span> <span class='ocrx_word' id='word_1_168' title='bbox 1036 1467 1181 1516; x_wconf 89' lang='lat' dir='ltr'>hostis,</span> <span class='ocrx_word' id='word_1_169' title='bbox 1217 1481 1270 1507; x_wconf 91' lang='lat' dir='ltr'>ne</span> <span class='ocrx_word' id='word_1_170' title='bbox 1306 1467 1458 1507; x_wconf 80' lang='lat' dir='ltr'>Africae</span> 
     </span>
     <span class='ocr_line' id='line_1_24' title="bbox 157 1523 1459 1577; baseline 0 -14"><span class='ocrx_word' id='word_1_171' title='bbox 157 1525 329 1576; x_wconf 86' lang='lat' dir='ltr'>quidem</span> <span class='ocrx_word' id='word_1_172' title='bbox 346 1525 560 1577; x_wconf 79' lang='lat' dir='ltr'>indigena,</span> <span class='ocrx_word' id='word_1_173' title='bbox 577 1525 630 1564; x_wconf 84' lang='lat' dir='ltr'>ab</span> <span class='ocrx_word' id='word_1_174' title='bbox 645 1524 811 1564; x_wconf 88' lang='lat' dir='ltr'>ultimis</span> <span class='ocrx_word' id='word_1_175' title='bbox 831 1528 1037 1564; x_wconf 86' lang='lat' dir='ltr'>terrarum</span> <span class='ocrx_word' id='word_1_176' title='bbox 1058 1525 1154 1572; x_wconf 83' lang='lat' dir='ltr'>oris,</span> <span class='ocrx_word' id='word_1_177' title='bbox 1177 1525 1284 1564; x_wconf 87' lang='lat' dir='ltr'>freto</span> <span class='ocrx_word' id='word_1_178' title='bbox 1302 1523 1459 1564; x_wconf 86' lang='lat' dir='ltr'>Oceani</span> 
     </span>
     <span class='ocr_line' id='line_1_25' title="bbox 156 1582 1460 1635; baseline 0.001 -15"><span class='ocrx_word' id='word_1_179' title='bbox 156 1582 436 1634; x_wconf 84' lang='lat' dir='ltr'>Herculisque</span> <span class='ocrx_word' id='word_1_180' title='bbox 469 1582 689 1631; x_wconf 86' lang='lat' dir='ltr'>columnis,</span> <span class='ocrx_word' id='word_1_181' title='bbox 722 1586 937 1635; x_wconf 75' lang='lat' dir='ltr'>expertem</span> <span class='ocrx_word' id='word_1_182' title='bbox 968 1583 1102 1622; x_wconf 86' lang='lat' dir='ltr'>omnis</span> <span class='ocrx_word' id='word_1_183' title='bbox 1127 1582 1251 1634; x_wconf 84' lang='lat' dir='ltr'>juris,</span> <span class='ocrx_word' id='word_1_184' title='bbox 1284 1585 1329 1622; x_wconf 90' lang='lat' dir='ltr'>et</span> <span class='ocrx_word' id='word_1_185' title='bbox 1361 1595 1460 1621; x_wconf 90' lang='lat' dir='ltr'>con-</span> 
     </span>
     <span class='ocr_line' id='line_1_26' title="bbox 157 1639 1458 1692; baseline 0.002 -15"><span class='ocrx_word' id='word_1_186' title='bbox 157 1639 332 1678; x_wconf 87' lang='lat' dir='ltr'>ditionis</span> <span class='ocrx_word' id='word_1_187' title='bbox 377 1644 420 1679; x_wconf 85' lang='lat' dir='ltr'>et</span> <span class='ocrx_word' id='word_1_188' title='bbox 460 1639 615 1691; x_wconf 72' lang='lat' dir='ltr'>lingute</span> <span class='ocrx_word' id='word_1_189' title='bbox 665 1654 793 1692; x_wconf 89' lang='lat' dir='ltr'>prope</span> <span class='ocrx_word' id='word_1_190' title='bbox 834 1640 1043 1687; x_wconf 78' lang='lat' dir='ltr'>humanae,</span> <span class='ocrx_word' id='word_1_191' title='bbox 1083 1639 1269 1679; x_wconf 89' lang='lat' dir='ltr'>militem</span> <span class='ocrx_word' id='word_1_192' title='bbox 1311 1640 1458 1679; x_wconf 83' lang='lat' dir='ltr'>trahit.</span> 
     </span>
     <span class='ocr_line' id='line_1_27' title="bbox 162 1697 1460 1750; baseline -0.001 -14"><span class='ocrx_word' id='word_1_193' title='bbox 162 1699 227 1737; x_wconf 84' lang='lat'>12.</span> <span class='ocrx_word' id='word_1_194' title='bbox 259 1697 385 1736; x_wconf 89' lang='lat' dir='ltr'>Hunc</span> <span class='ocrx_word' id='word_1_195' title='bbox 406 1701 558 1736; x_wconf 64' lang='lat' dir='ltr'>natur-:1</span> <span class='ocrx_word' id='word_1_196' title='bbox 587 1700 629 1736; x_wconf 86' lang='lat' dir='ltr'>et</span> <span class='ocrx_word' id='word_1_197' title='bbox 650 1698 838 1736; x_wconf 88' lang='lat' dir='ltr'>moribus</span> <span class='ocrx_word' id='word_1_198' title='bbox 869 1698 1082 1737; x_wconf 88' lang='lat' dir='ltr'>immitem</span> <span class='ocrx_word' id='word_1_199' title='bbox 1103 1697 1323 1750; x_wconf 88' lang='lat' dir='ltr'>serumque</span> <span class='ocrx_word' id='word_1_200' title='bbox 1343 1698 1460 1736; x_wconf 82' lang='lat' dir='ltr'>insu-</span> 
     </span>
     <span class='ocr_line' id='line_1_28' title="bbox 157 1754 1459 1807; baseline 0 -14"><span class='ocrx_word' id='word_1_201' title='bbox 157 1768 230 1806; x_wconf 87' lang='lat' dir='ltr'>per</span> <span class='ocrx_word' id='word_1_202' title='bbox 251 1754 335 1793; x_wconf 84' lang='lat' dir='ltr'>dux</span> <span class='ocrx_word' id='word_1_203' title='bbox 356 1755 445 1807; x_wconf 79' lang='lat' dir='ltr'>ipse</span> <span class='ocrx_word' id='word_1_204' title='bbox 467 1754 659 1793; x_wconf 80' lang='lat' dir='ltr'>efferavit</span> <span class='ocrx_word' id='word_1_205' title='bbox 690 1755 889 1807; x_wconf 87' lang='lat' dir='ltr'>pontibus</span> <span class='ocrx_word' id='word_1_206' title='bbox 911 1768 958 1794; x_wconf 89' lang='lat' dir='ltr'>ac</span> <span class='ocrx_word' id='word_1_207' title='bbox 979 1755 1161 1794; x_wconf 89' lang='lat' dir='ltr'>molibus</span> <span class='ocrx_word' id='word_1_208' title='bbox 1183 1769 1234 1794; x_wconf 80' lang='lat' dir='ltr'>ex</span> <span class='ocrx_word' id='word_1_209' title='bbox 1254 1755 1459 1794; x_wconf 89' lang='lat' dir='ltr'>humano-</span> 
     </span>
     <span class='ocr_line' id='line_1_29' title="bbox 157 1812 1460 1866; baseline 0.001 -16"><span class='ocrx_word' id='word_1_210' title='bbox 157 1825 251 1850; x_wconf 85' lang='lat' dir='ltr'>rum</span> <span class='ocrx_word' id='word_1_211' title='bbox 273 1825 493 1864; x_wconf 84' lang='lat' dir='ltr'>corporum</span> <span class='ocrx_word' id='word_1_212' title='bbox 515 1816 628 1851; x_wconf 85' lang='lat' dir='ltr'>strue</span> <span class='ocrx_word' id='word_1_213' title='bbox 660 1812 863 1851; x_wconf 84' lang='lat' dir='ltr'>faciendis</span> <span class='ocrx_word' id='word_1_214' title='bbox 885 1815 929 1851; x_wconf 87' lang='lat' dir='ltr'>et</span> <span class='ocrx_word' id='word_1_215' title='bbox 958 1812 1092 1866; x_wconf 84' lang='lat' dir='ltr'>(quod</span> <span class='ocrx_word' id='word_1_216' title='bbox 1113 1812 1307 1865; x_wconf 90' lang='lat' dir='ltr'>proloqui</span> <span class='ocrx_word' id='word_1_217' title='bbox 1328 1812 1460 1851; x_wconf 89' lang='lat' dir='ltr'>etiam</span> 
     </span>
     <span class='ocr_line' id='line_1_30' title="bbox 157 1868 1460 1922; baseline 0.002 -15"><span class='ocrx_word' id='word_1_218' title='bbox 157 1868 299 1922; x_wconf 81' lang='lat' dir='ltr'>piget)</span> <span class='ocrx_word' id='word_1_219' title='bbox 321 1870 431 1907; x_wconf 79' lang='lat' dir='ltr'>vesei</span> <span class='ocrx_word' id='word_1_220' title='bbox 453 1870 695 1921; x_wconf 80' lang='lat' dir='ltr'>corporibus</span> <span class='ocrx_word' id='word_1_221' title='bbox 716 1870 910 1908; x_wconf 83' lang='lat' dir='ltr'>humanis</span> <span class='ocrx_word' id='word_1_222' title='bbox 932 1869 1131 1909; x_wconf 88' lang='lat' dir='ltr'>docendo.</span> <span class='ocrx_word' id='word_1_223' title='bbox 1197 1871 1260 1909; x_wconf 91' lang='lat'>13.</span> <span class='ocrx_word' id='word_1_224' title='bbox 1293 1869 1374 1909; x_wconf 85' lang='lat' dir='ltr'>His</span> <span class='ocrx_word' id='word_1_225' title='bbox 1394 1870 1460 1909; x_wconf 91' lang='lat' dir='ltr'>in-</span> 
     </span>
     <span class='ocr_line' id='line_1_31' title="bbox 157 1926 1459 1980; baseline 0.001 -15"><span class='ocrx_word' id='word_1_226' title='bbox 157 1926 295 1965; x_wconf 87' lang='lat' dir='ltr'>fandis</span> <span class='ocrx_word' id='word_1_227' title='bbox 335 1930 474 1979; x_wconf 81' lang='lat' dir='ltr'>pastos</span> <span class='ocrx_word' id='word_1_228' title='bbox 505 1926 654 1978; x_wconf 82' lang='lat' dir='ltr'>epulis,</span> <span class='ocrx_word' id='word_1_229' title='bbox 676 1940 779 1978; x_wconf 89' lang='lat' dir='ltr'>quos</span> <span class='ocrx_word' id='word_1_230' title='bbox 809 1928 1053 1980; x_wconf 83' lang='lat' dir='ltr'>contingere</span> <span class='ocrx_word' id='word_1_231' title='bbox 1089 1928 1220 1966; x_wconf 88' lang='lat' dir='ltr'>etiam</span> <span class='ocrx_word' id='word_1_232' title='bbox 1252 1927 1369 1966; x_wconf 88' lang='lat' dir='ltr'>nefas</span> <span class='ocrx_word' id='word_1_233' title='bbox 1390 1928 1459 1975; x_wconf 85' lang='lat' dir='ltr'>sit,</span> 
     </span>
     <span class='ocr_line' id='line_1_32' title="bbox 156 1983 1459 2037; baseline 0.002 -15"><span class='ocrx_word' id='word_1_234' title='bbox 156 1984 299 2023; x_wconf 88' lang='lat' dir='ltr'>videre</span> <span class='ocrx_word' id='word_1_235' title='bbox 321 1987 448 2036; x_wconf 88' lang='lat' dir='ltr'>atque</span> <span class='ocrx_word' id='word_1_236' title='bbox 470 1983 622 2023; x_wconf 87' lang='lat' dir='ltr'>habere</span> <span class='ocrx_word' id='word_1_237' title='bbox 644 1984 848 2032; x_wconf 77' lang='lat' dir='ltr'>dominos,</span> <span class='ocrx_word' id='word_1_238' title='bbox 869 1988 912 2023; x_wconf 87' lang='lat' dir='ltr'>et</span> <span class='ocrx_word' id='word_1_239' title='bbox 933 1998 983 2023; x_wconf 81' lang='lat' dir='ltr'>ex</span> <span class='ocrx_word' id='word_1_240' title='bbox 998 1984 1138 2023; x_wconf 62' lang='lat' dir='ltr'>Africa</span> <span class='ocrx_word' id='word_1_241' title='bbox 1154 1988 1197 2024; x_wconf 79' lang='lat' dir='ltr'>ct</span> <span class='ocrx_word' id='word_1_242' title='bbox 1214 1997 1237 2023; x_wconf 86' lang='lat' dir='ltr'>a</span> <span class='ocrx_word' id='word_1_243' title='bbox 1254 1984 1459 2037; x_wconf 83' lang='lat' dir='ltr'>Carthag-</span> 
     </span>
     <span class='ocr_line' id='line_1_33' title="bbox 156 2041 1460 2094; baseline 0.001 -14"><span class='ocrx_word' id='word_1_244' title='bbox 156 2042 227 2080; x_wconf 92' lang='lat' dir='ltr'>ine</span> <span class='ocrx_word' id='word_1_245' title='bbox 256 2041 355 2093; x_wconf 74' lang='lat' dir='ltr'>jlua</span> <span class='ocrx_word' id='word_1_246' title='bbox 377 2045 532 2094; x_wconf 85' lang='lat' dir='ltr'>petere,</span> <span class='ocrx_word' id='word_1_247' title='bbox 554 2045 598 2080; x_wconf 83' lang='lat' dir='ltr'>et</span> <span class='ocrx_word' id='word_1_248' title='bbox 628 2041 801 2081; x_wconf 86' lang='lat' dir='ltr'>Italiam</span> <span class='ocrx_word' id='word_1_249' title='bbox 827 2041 1111 2081; x_wconf 80' lang='lat' dir='ltr'>Numidarum</span> <span class='ocrx_word' id='word_1_250' title='bbox 1143 2055 1191 2081; x_wconf 85' lang='lat' dir='ltr'>ac</span> <span class='ocrx_word' id='word_1_251' title='bbox 1211 2041 1460 2081; x_wconf 86' lang='lat' dir='ltr'>Maurorum</span> 
     </span>
     <span class='ocr_line' id='line_1_34' title="bbox 156 2099 1459 2152; baseline 0.001 -15"><span class='ocrx_word' id='word_1_252' title='bbox 156 2099 246 2150; x_wconf 87' lang='lat' dir='ltr'>pati</span> <span class='ocrx_word' id='word_1_253' title='bbox 279 2099 541 2151; x_wconf 83' lang='lat' dir='ltr'>provinciam</span> <span class='ocrx_word' id='word_1_254' title='bbox 575 2113 674 2147; x_wconf 83' lang='lat' dir='ltr'>esse,</span> <span class='ocrx_word' id='word_1_255' title='bbox 696 2100 763 2138; x_wconf 88' lang='lat' dir='ltr'>cui</span> <span class='ocrx_word' id='word_1_256' title='bbox 799 2112 897 2146; x_wconf 92' lang='lat' dir='ltr'>non,</span> <span class='ocrx_word' id='word_1_257' title='bbox 919 2100 1064 2152; x_wconf 82' lang='lat' dir='ltr'>genito</span> <span class='ocrx_word' id='word_1_258' title='bbox 1094 2099 1219 2138; x_wconf 91' lang='lat' dir='ltr'>modo</span> <span class='ocrx_word' id='word_1_259' title='bbox 1250 2099 1295 2138; x_wconf 90' lang='lat' dir='ltr'>in</span> <span class='ocrx_word' id='word_1_260' title='bbox 1317 2099 1459 2147; x_wconf 67' lang='lat' dir='ltr'>Italia’n,</span> 
     </span>
     <span class='ocr_line' id='line_1_35' title="bbox 157 2156 1459 2210; baseline 0.002 -16"><span class='ocrx_word' id='word_1_261' title='bbox 157 2156 406 2195; x_wconf 84' lang='lat' dir='ltr'>detestabile</span> <span class='ocrx_word' id='word_1_262' title='bbox 429 2157 516 2196; x_wconf 82' lang='lat' dir='ltr'>sit?</span> <span class='ocrx_word' id='word_1_263' title='bbox 581 2159 645 2196; x_wconf 77' lang='lat'>14.</span> <span class='ocrx_word' id='word_1_264' title='bbox 678 2156 909 2195; x_wconf 86' lang='lat' dir='ltr'>Pulchrum</span> <span class='ocrx_word' id='word_1_265' title='bbox 935 2158 1029 2205; x_wconf 85' lang='lat' dir='ltr'>erit,</span> <span class='ocrx_word' id='word_1_266' title='bbox 1052 2156 1270 2210; x_wconf 80' lang='lat' dir='ltr'>Campani,</span> <span class='ocrx_word' id='word_1_267' title='bbox 1293 2156 1459 2210; x_wconf 87' lang='lat' dir='ltr'>prolap-</span> 
     </span>
     <span class='ocr_line' id='line_1_36' title="bbox 157 2213 1460 2267; baseline 0.001 -15"><span class='ocrx_word' id='word_1_268' title='bbox 157 2227 249 2252; x_wconf 88' lang='lat' dir='ltr'>sum</span> <span class='ocrx_word' id='word_1_269' title='bbox 291 2213 407 2253; x_wconf 83' lang='lat' dir='ltr'>clade</span> <span class='ocrx_word' id='word_1_270' title='bbox 449 2214 688 2253; x_wconf 85' lang='lat' dir='ltr'>Romanum</span> <span class='ocrx_word' id='word_1_271' title='bbox 728 2215 955 2267; x_wconf 83' lang='lat' dir='ltr'>imperium</span> <span class='ocrx_word' id='word_1_272' title='bbox 996 2217 1134 2254; x_wconf 69' lang='lat' dir='ltr'>vestra]</span> <span class='ocrx_word' id='word_1_273' title='bbox 1174 2214 1269 2263; x_wconf 87' lang='lat' dir='ltr'>fide,</span> <span class='ocrx_word' id='word_1_274' title='bbox 1310 2215 1460 2254; x_wconf 74' lang='lat' dir='ltr'>vestris</span> 
     </span>
     <span class='ocr_line' id='line_1_37' title="bbox 157 2271 1459 2325; baseline 0.002 -16"><span class='ocrx_word' id='word_1_275' title='bbox 157 2271 330 2318; x_wconf 73' lang='lat' dir='ltr'>viribus,</span> <span class='ocrx_word' id='word_1_276' title='bbox 365 2275 577 2311; x_wconf 83' lang='lat' dir='ltr'>retentum</span> <span class='ocrx_word' id='word_1_277' title='bbox 599 2286 646 2311; x_wconf 81' lang='lat' dir='ltr'>ac</span> <span class='ocrx_word' id='word_1_278' title='bbox 678 2275 970 2324; x_wconf 86' lang='lat' dir='ltr'>recuperatum</span> <span class='ocrx_word' id='word_1_279' title='bbox 1002 2285 1100 2311; x_wconf 83' lang='lat' dir='ltr'>esse.</span> <span class='ocrx_word' id='word_1_280' title='bbox 1166 2274 1231 2311; x_wconf 83' lang='lat'>15.</span> <span class='ocrx_word' id='word_1_281' title='bbox 1263 2272 1459 2325; x_wconf 82' lang='lat' dir='ltr'>Triginta.</span> 
     </span>
     <span class='ocr_line' id='line_1_38' title="bbox 156 2328 1461 2382; baseline 0.002 -15"><span class='ocrx_word' id='word_1_282' title='bbox 156 2328 293 2368; x_wconf 84' lang='lat' dir='ltr'>millia</span> <span class='ocrx_word' id='word_1_283' title='bbox 315 2329 522 2381; x_wconf 80' lang='lat' dir='ltr'>peditum,</span> <span class='ocrx_word' id='word_1_284' title='bbox 538 2333 739 2381; x_wconf 86' lang='lat' dir='ltr'>quattuor</span> <span class='ocrx_word' id='word_1_285' title='bbox 759 2330 952 2382; x_wconf 82' lang='lat' dir='ltr'>equitum</span> <span class='ocrx_word' id='word_1_286' title='bbox 967 2329 1148 2369; x_wconf 86' lang='lat' dir='ltr'>arbitror</span> <span class='ocrx_word' id='word_1_287' title='bbox 1163 2343 1214 2369; x_wconf 80' lang='lat' dir='ltr'>cx</span> <span class='ocrx_word' id='word_1_288' title='bbox 1231 2328 1461 2382; x_wconf 53' lang='lat' dir='ltr'>Campania}</span> 
     </span>
     <span class='ocr_line' id='line_1_39' title="bbox 155 2386 1458 2440; baseline 0.002 -15"><span class='ocrx_word' id='word_1_289' title='bbox 155 2386 279 2425; x_wconf 87' lang='lat' dir='ltr'>scribi</span> <span class='ocrx_word' id='word_1_290' title='bbox 314 2400 456 2439; x_wconf 72' lang='lat' dir='ltr'>posse:</span> <span class='ocrx_word' id='word_1_291' title='bbox 496 2386 587 2438; x_wconf 86' lang='lat' dir='ltr'>jam</span> <span class='ocrx_word' id='word_1_292' title='bbox 621 2387 809 2439; x_wconf 62' lang='lat' dir='ltr'>pecuniae</span> <span class='ocrx_word' id='word_1_293' title='bbox 844 2387 1023 2426; x_wconf 84' lang='lat' dir='ltr'>adfatim</span> <span class='ocrx_word' id='word_1_294' title='bbox 1056 2390 1120 2426; x_wconf 77' lang='lat' dir='ltr'>ost</span> <span class='ocrx_word' id='word_1_295' title='bbox 1155 2387 1458 2440; x_wconf 84' lang='lat' dir='ltr'>frumentique.</span> 
     </span>
     <span class='ocr_line' id='line_1_40' title="bbox 155 2443 1459 2496; baseline 0.002 -13"><span class='ocrx_word' id='word_1_296' title='bbox 155 2443 201 2483; x_wconf 86' lang='lat' dir='ltr'>Si</span> <span class='ocrx_word' id='word_1_297' title='bbox 224 2457 366 2496; x_wconf 81' lang='lat' dir='ltr'>parem</span> <span class='ocrx_word' id='word_1_298' title='bbox 398 2445 576 2483; x_wconf 57' lang='lat' dir='ltr'>fortuna!</span> <span class='ocrx_word' id='word_1_299' title='bbox 608 2447 755 2483; x_wconf 68' lang='lat' dir='ltr'>vestrm</span> <span class='ocrx_word' id='word_1_300' title='bbox 791 2444 916 2483; x_wconf 81' lang='lat' dir='ltr'>fidem</span> <span class='ocrx_word' id='word_1_301' title='bbox 939 2444 1116 2493; x_wconf 83' lang='lat' dir='ltr'>habetis,</span> <span class='ocrx_word' id='word_1_302' title='bbox 1138 2458 1214 2484; x_wconf 83' lang='lat' dir='ltr'>nec</span> <span class='ocrx_word' id='word_1_303' title='bbox 1241 2444 1459 2485; x_wconf 85' lang='lat' dir='ltr'>Hannibal</span> 
     </span>
     <span class='ocr_line' id='line_1_41' title="bbox 155 2501 1146 2542; baseline 0.001 -2"><span class='ocrx_word' id='word_1_304' title='bbox 155 2514 197 2540; x_wconf 83' lang='lat' dir='ltr'>sc</span> <span class='ocrx_word' id='word_1_305' title='bbox 221 2502 368 2540; x_wconf 82' lang='lat' dir='ltr'>vicisse</span> <span class='ocrx_word' id='word_1_306' title='bbox 391 2502 546 2540; x_wconf 79' lang='lat' dir='ltr'>sentiet</span> <span class='ocrx_word' id='word_1_307' title='bbox 568 2515 642 2540; x_wconf 72' lang='lat' dir='ltr'>nec</span> <span class='ocrx_word' id='word_1_308' title='bbox 665 2501 844 2540; x_wconf 83' lang='lat' dir='ltr'>Romani</span> <span class='ocrx_word' id='word_1_309' title='bbox 867 2503 1000 2542; x_wconf 70' lang='lat' dir='ltr'>victos</span> <span class='ocrx_word' id='word_1_310' title='bbox 1022 2501 1146 2541; x_wconf 75' lang='lat' dir='ltr'>csse.&#39;&#39;</span> 
     </span>
    </p>
   </div>
   <div class='ocr_carea' id='block_1_3' title="bbox 1593 0 1647 2718">
    <p class='ocr_par' dir='ltr' id='par_1_3' title="bbox 1593 0 1647 2718">
     <span class='ocr_line' id='line_1_42' title="bbox 1593 0 1647 2718; baseline 0 0"><span class='ocrx_word' id='word_1_311' title='bbox 1593 0 1647 2718; x_wconf 95' lang='lat' dir='ltr'> </span> 
     </span>
    </p>
   </div>
  </div>
 </body>
</html>
