1663 2718
156 132 207 172 32
462 131 576 171 ΤῙΤῙ
610 131 750 169 LIVII
786 130 953 168 HISTO
959 129 1181 167 RIARUM

159 241 198 282 7.
230 241 300 281 Ita
331 243 505 281 centum
535 242 808 295 septuaginta
847 244 1011 294 septem
1052 254 1152 279 cum
1191 240 1361 292 ingenti
1391 251 1467 291 ap-

158 298 408 352 probatione
438 299 663 339 hominum
698 301 744 339 in
779 303 974 339 senatum
1006 298 1143 345 lectis,
1174 296 1388 349 extemplo
1422 309 1465 335 se

158 356 417 409 magistratu
442 356 671 406 abdicavit,
692 358 966 410 privatusque
989 356 1040 395 de
1067 355 1213 394 rostris
1233 353 1466 402 descendit,

158 413 380 452 lictoribus
400 413 518 454 abire
541 414 685 467 jussis,
705 414 924 466 turbaeque
954 427 997 452 se
1017 413 1253 452 immiscuit
1281 411 1468 464 privatas

158 471 380 523 agentium
429 484 508 521 res,
569 474 608 511 8.
650 475 818 524 tempus
877 471 956 510 hoc
1006 469 1150 510 sedulo
1209 473 1363 517 terens,
1412 481 1468 506 ne

158 528 396 568 deducendi
417 530 484 568 sui
505 533 628 569 causa
647 528 854 582 populum
868 529 920 568 de
941 528 1030 567 foro
1047 527 1299 567 abduceretz
1330 538 1468 578 neque

159 587 307 624 tamen
329 585 523 639 elanguit
551 600 651 626 cura
671 587 895 626 hominum
912 590 962 625 ea
991 589 1120 633 mora,
1141 585 1469 636 frequentesque

159 655 259 682 eum
280 643 454 683 domum
475 644 756 684 deduxerunt.
833 644 871 682 9.
904 641 1059 683 Consul
1079 645 1205 681 nocte
1225 640 1469 692 insequenti

159 699 214 739 ad
263 702 499 740 exercitum
545 701 677 740 rediit
716 713 800 739 non
841 701 953 738 facto
994 700 1172 738 certiore
1213 700 1375 746 senatu,
1414 709 1470 736 ne

160 758 433 796 comitiorum
455 762 579 797 caus-:1
600 758 644 796 in
667 757 771 796 urbe
794 757 1064 796 retineretur.

581 983 848 1025 CHAPTER
890 983 1051 1023 XXIV.

161 1072 229 1105 The
245 1072 403 1110 Dictator,
427 1073 474 1104 M.
491 1072 513 1104 J
515 1072 611 1104 unius
626 1073 711 1104 Pera
725 1073 791 1113 (see
808 1073 866 1104 Ch.
883 1072 1004 1110 xlxi),
1020 1071 1168 1111 together
1184 1070 1262 1102 with
1278 1070 1333 1101 the
1348 1070 1475 1102 Master

203 1117 240 1147 of
252 1116 308 1147 the
322 1116 439 1153 Horse,
456 1116 492 1147 T.
509 1116 717 1157 Sempronius
734 1116 906 1151 Gracchus,
923 1115 987 1145 and
1003 1115 1057 1145 the
1073 1114 1207 1151 Praetor,
1223 1114 1270 1145 M.
1286 1114 1474 1150 Marcellus,

204 1158 393 1190 summoned
408 1165 442 1190 to
457 1159 560 1190 Rome
584 1165 617 1189 to
632 1159 704 1199 give
720 1158 774 1189 the
790 1159 905 1189 Scnate
920 1157 1133 1189 Information
1149 1157 1249 1188 about
1265 1157 1320 1188 the
1335 1157 1427 1188 State
1442 1157 1478 1187 of

204 1202 338 1233 Affairs.
384 1202 621 1242 Appointment
635 1202 672 1232 of
690 1201 912 1242 Magistrates.
957 1201 1026 1231 The
1048 1200 1198 1231 Dictator
1213 1205 1342 1230 returns
1363 1204 1398 1231 to
1421 1200 1476 1230 the

204 1247 308 1285 Army
323 1249 358 1275 at
382 1245 535 1275 Teanum.
581 1244 618 1275 L.
635 1244 832 1280 Postumius,
850 1244 1077 1280 Consul-elect,
1093 1242 1265 1283 destroyed
1287 1242 1321 1273 in
1337 1253 1357 1274 a
1371 1242 1476 1274 WVood

203 1288 239 1319 in
255 1288 348 1318 Gaul.
394 1287 582 1318 Postumius
597 1288 674 1318 falls
690 1287 838 1327 fighting.
884 1287 953 1318 The
970 1286 1070 1317 Gauls
1086 1291 1141 1318 eut
1156 1286 1206 1317 off
1222 1285 1275 1316 his
1290 1285 1396 1323 Head,
1412 1285 1477 1316 and

203 1331 287 1362 form
303 1331 356 1362 his
379 1330 472 1371 Scalp
488 1331 557 1361 into
573 1341 592 1361 a
609 1330 719 1361 sacred
732 1331 851 1368 Vcssel,
867 1334 901 1361 to
917 1330 956 1361 be
971 1329 1051 1361 used
1067 1329 1117 1360 for
1138 1329 1277 1370 pouring
1300 1334 1359 1360 out
1378 1328 1477 1360 Libn-

204 1374 291 1405 tions
316 1384 357 1404 on
382 1374 506 1404 solemn
533 1373 714 1410 Occasions,
730 1373 796 1404 and
820 1380 854 1404 to
880 1383 969 1404 scrvc
991 1383 1027 1403 as
1049 1383 1069 1403 a
1093 1372 1332 1413 Drinking-cup
1347 1372 1399 1403 for
1420 1372 1478 1404 the

203 1417 331 1449 Priests
347 1417 383 1448 of
397 1417 485 1447 their
500 1416 589 1448 chief
602 1416 818 1457 Deity.-1³.c.
838 1418 911 1447 216.

225 1498 262 1535 1.
294 1495 484 1534 Posrssno
519 1494 588 1534 die
623 1493 840 1533 consultus
874 1507 898 1533 a
933 1493 995 1532 M.
1032 1492 1269 1545 Pomponio
1297 1494 1477 1545 praetore

163 1555 334 1594 senatus
375 1553 565 1592 decrevit
597 1552 799 1591 dictatori
842 1551 1126 1598 scribendum,
1158 1551 1239 1599 uti,
1284 1551 1321 1589 si
1356 1563 1379 1589 e
1412 1563 1478 1589 re·

162 1610 335 1664 publica
365 1612 555 1649 censeret
592 1623 692 1658 esse,
726 1609 779 1648 ad
815 1608 1006 1648 consules
1035 1607 1324 1660 subrogandos
1359 1608 1478 1646 veni-

162 1671 229 1708 ret
269 1681 368 1707 cum
398 1668 602 1720 magistro
635 1667 831 1718 equiturn
867 1670 912 1706 et
948 1669 1126 1719 praetore
1158 1665 1220 1704 M.
1256 1663 1476 1711 Marcello,

165 1729 203 1766 2.
235 1728 285 1765 ut
320 1739 370 1764 ex
401 1726 453 1764 iis
483 1724 761 1777 praesentibus
796 1737 966 1763 noscere
993 1727 1135 1776 patres
1170 1725 1353 1775 possent,
1393 1735 1477 1774 quo

163 1786 279 1823 statu
314 1782 552 1835 respublica
588 1785 709 1831 esset,
736 1781 995 1834 consiliaque
1026 1794 1077 1820 ex
1108 1779 1232 1820 rebus
1263 1783 1477 1832 caperent.

165 1841 248 1889 Qui
280 1841 406 1880 acciti
439 1843 573 1889 erant,
596 1853 740 1879 omnes
770 1842 992 1887 venerunt,
1013 1837 1175 1878 relictis
1206 1837 1374 1890 legatis,
1402 1837 1478 1890 qui

163 1898 405 1951 legionibus
445 1901 683 1950 praeessent.
759 1900 797 1937 3.
833 1897 1044 1946 Dictator,
1075 1896 1127 1936 de
1170 1909 1212 1935 se
1252 1907 1390 1947 pauca
1429 1907 1478 1934 ac

164 1956 330 1996 modice
370 1955 589 2007 loquutus,
626 1956 672 1994 in
710 1955 966 2008 magistrum
1007 1954 1204 2006 equitum
1249 1953 1316 1992 Ti.
1357 1951 1478 1992 Sem-

164 2014 364 2067 pronium
405 2012 647 2053 Gracchum
687 2025 887 2065 magnam
939 2014 1103 2064 partem
1144 2010 1291 2063 gloriae
1330 2010 1477 2057 vertit,

165 2072 425 2124 comitiaque
447 2071 597 2118 edixit,
611 2070 766 2123 quibus
788 2070 836 2109 L.
854 2069 1099 2109 Postumius
1120 2068 1300 2107 tertium
1313 2067 1476 2115 absens,

164 2130 240 2182 qui
272 2133 368 2168 tum
404 2128 592 2169 Galliam
625 2129 886 2182 provinciam
927 2126 1163 2173 obtinebat,
1192 2128 1237 2164 et
1268 2125 1334 2163 Ti.
1358 2124 1478 2164 Sem-

165 2188 337 2240 pronius
360 2186 590 2234 Gracchus,
611 2187 687 2239 qui
710 2189 803 2225 tum
825 2185 1028 2237 magister
1049 2184 1244 2236 equitum
1266 2185 1309 2222 et
1341 2181 1477 2222 aedilis

165 2244 324 2284 curulis
364 2247 469 2293 erat,
511 2244 701 2284 consules
737 2247 991 2283 crearentur.
1068 2243 1108 2280 4.
1139 2240 1346 2280 Praetores
1377 2239 1476 2279 inde

166 2303 313 2350 creati,
354 2301 415 2341 M.
457 2301 652 2341 Valerius
699 2302 896 2341 Laevinus
936 2301 1112 2346 iterum,
1152 2297 1232 2351 Ap.
1275 2297 1478 2337 Claudius

165 2359 364 2408 Pulcher,
416 2359 463 2407 Q.
507 2359 684 2398 Fulvius
735 2359 925 2405 Flaccus,
971 2357 1019 2404 Q.
1062 2356 1230 2396 Mucius
1276 2353 1475 2395 Scaevola.

167 2419 207 2458 5.
239 2417 450 2466 Dictator,
472 2419 624 2457 creatis
645 2416 978 2470 magistratibus,
1000 2415 1191 2454 Teanum
1221 2414 1266 2452 in
1296 2412 1477 2453 hiberna
