1663 2718
497 126 664 164 LIBER
696 125 856 163 XXIII.
912 125 1027 163 CAP.
1056 125 1172 163 XXI.
1433 125 1484 166 29

644 274 911 316 CHAPTER
942 275 1064 314 XXI.

179 364 216 395 Τ.
234 363 403 401 Otacilius,
420 363 474 395 tho
490 363 673 405 Propraetor
693 362 727 394 in
751 363 860 403 Sicily,
876 362 939 394 and
955 363 994 394 A.
1012 362 1106 394 Corn.
1123 363 1311 400 Mammula,
1328 363 1383 395 tho
1405 363 1485 396 Pro-

221 411 342 448 praetor
356 407 390 437 in
406 406 566 443 Sardinia,
578 406 670 437 write
685 410 720 437 to
735 406 790 437 tho
806 406 932 443 senate,
949 406 1072 446 asking.
1087 410 1235 446 amongst
1250 406 1342 437 other
1349 406 1485 448 Things,

221 452 273 481 for
287 449 438 491 Supplies
459 450 496 480 of
514 449 635 490 Money
649 448 714 480 and
741 449 835 481 Corn.
880 449 965 480 Both
988 448 1146 480 insormcd
1161 449 1235 480 that
1250 449 1305 480 the
1320 449 1436 481 Senate
1456 450 1485 481 in

224 492 360 524 without
389 492 575 524 Resources.
631 491 788 524 Otacilius
818 491 915 523 sends
941 491 1177 523 Ambassadors
1202 496 1236 523 to
1266 492 1377 529 Hiero,
1402 493 1485 524 from

221 535 326 567 whom
341 535 382 567 he
397 535 526 566 obtaius
541 535 596 566 the
612 545 779 576 necessary
794 536 936 566 Amount
950 535 987 565 of
999 535 1130 576 Moucy,
1144 534 1208 566 and
1226 534 1311 566 Corn
1327 535 1487 566 sufficient

221 579 273 609 sor
301 579 351 609 six
377 578 522 610 Months.
579 578 648 609 Tho
678 578 776 609 allied
801 578 907 609 Statcs
932 578 965 609 in
991 577 1141 609 Sardinia
1158 578 1340 609 contributa
1366 582 1400 609 to
1429 577 1486 609 the

223 621 340 652 lVants
362 622 400 653 of
418 621 608 653 Mammula.
656 621 786 652 Certain
810 621 1019 661 Magistratcs
1041 620 1215 662 appointed
1238 626 1272 652 at
1293 621 1405 659 Rome,
1421 620 1486 651 and

221 664 398 696 Vacancies
414 675 532 706 among
547 664 601 695 the
617 664 789 696 Pontifices
805 663 895 695 filled
911 674 1068 705 up.—1³.c.
1087 666 1159 695 216.

243 745 279 782 1.
310 742 401 782 PER
432 742 546 782 idem
578 742 664 782 fere
690 744 859 794 tempus
882 741 1015 781 literae
1046 755 1097 780 ex
1129 741 1277 781 Sicilia
1314 741 1485 781 Sardin-

180 801 306 852 iaque
340 800 521 839 Romam
556 799 710 839 allatae.
745 802 783 838 2.
814 799 979 838 Priores
1001 812 1050 838 ex
1072 798 1219 838 Sicilia
1239 799 1286 838 T.
1311 799 1485 838 Otacilii

150 880 154 883 ·
180 858 449 910 propraetoris
471 858 516 895 in
553 861 702 896 senatu
730 857 918 896 recitatae
950 859 1074 895 sunt:
1101 856 1149 895 P.
1179 856 1358 895 Furium
1380 870 1485 908 prae-

179 920 318 953 torem
340 927 437 952 cum
459 913 586 953 classe
609 927 659 952 ex
683 914 823 952 Africa
856 913 1094 965 Lilybaeum
1115 914 1278 952 venisse
1301 927 1311 961 3
1344 914 1483 965 ipsum

180 972 367 1023 graviter
389 971 579 1009 saucium
600 971 645 1009 in
667 971 911 1009 discrimine
926 969 1079 1009 ultimo
1095 971 1196 1009 vitae
1217 984 1329 1017 esse3
1351 970 1483 1010 militi

180 1041 228 1068 ac
249 1027 470 1067 navalibus
492 1028 613 1067 sociis
634 1041 770 1079 neque
792 1027 1049 1079 stipendium
1064 1040 1200 1079 neque
1222 1027 1484 1067 frumentum

181 1085 234 1124 ad
272 1085 386 1124 diem
421 1085 526 1133 dari,
559 1098 696 1137 neque
722 1085 833 1124 unde
860 1085 985 1124 detur
1014 1098 1126 1132 esse3
1159 1087 1197 1124 3.
1229 1098 1483 1137 magnopere

181 1142 368 1190 suadere,
389 1148 439 1181 ut
459 1144 585 1194 quam
616 1143 800 1194 primum
823 1155 872 1181 ea
901 1143 1143 1189 mittantur,
1165 1141 1343 1194 sibique,
1366 1143 1400 1182 si
1421 1143 1484 1182 ita

180 1200 389 1248 videatur,
411 1213 461 1239 ex
481 1200 601 1238 novis
629 1199 875 1251 praetoribus
891 1212 1166 1238 successorem
1189 1200 1378 1239 mittant.
1439 1203 1480 1240 4.

181 1257 425 1309 Eademque
447 1257 579 1296 ferme
600 1257 651 1296 de
687 1257 898 1309 stipendio
920 1256 1215 1308 frumentoque
1237 1257 1290 1296 ab
1312 1257 1359 1296 A.
1383 1257 1483 1298 Cor-

179 1313 293 1353 nelio
310 1313 544 1353 Mammula
558 1318 810 1366 propraetore
833 1327 880 1352 ex
897 1314 1091 1353 Sardinia
1104 1315 1272 1365 scripta.
1295 1315 1482 1367 Respon-

179 1384 273 1411 sum
301 1372 487 1423 utrique,
508 1384 590 1409 non
616 1384 716 1418 esse,
744 1371 856 1410 unde
880 1371 1152 1418 mitteretur3
1177 1371 1369 1423 jussique
1399 1373 1480 1424 ipsi

179 1428 379 1468 classibus
399 1432 527 1480 atque
549 1428 801 1467 exercitibus
823 1428 906 1467 suis
927 1427 1154 1467 consulere.
1198 1430 1236 1468 5.
1268 1429 1316 1467 Τ.
1339 1429 1482 1469 Otaci-

178 1485 262 1525 lius
282 1485 336 1525 ad
368 1486 541 1525 unicum
570 1485 806 1525 subsidium
834 1485 979 1538 populi
1008 1485 1203 1534 Romani,
1234 1486 1480 1535 Hieronem,

178 1542 341 1596 legatos
361 1556 495 1596 quum
527 1543 745 1591 mississet,
770 1543 815 1582 in
843 1543 1105 1595 stipendium
1141 1545 1290 1595 quanti
1312 1545 1480 1597 argenti

178 1614 282 1654 opus
298 1600 382 1640 fuit,
398 1604 442 1640 et,
458 1613 528 1640 sex
546 1601 755 1640 mensium
771 1600 1035 1639 frumentum
1052 1602 1228 1653 accepit.
1286 1601 1479 1642 Cornelio

177 1659 224 1697 in
245 1657 441 1698 Sardinia
461 1659 655 1698 civitates
689 1658 810 1697 sociae
830 1658 1013 1710 benigne
1034 1658 1316 1698 contulerunt.
1351 1660 1389 1699 6.
1422 1660 1480 1699 Et

176 1715 322 1756 Romae
356 1729 538 1768 quoque,
575 1718 748 1768 propter
787 1716 1007 1767 penuriam
1047 1717 1228 1767 argenti,
1265 1717 1479 1756 triumviri

177 1773 392 1822 mensarii,
414 1773 634 1826 rogatione
656 1772 718 1811 M.
740 1772 907 1811 Minuci
930 1772 1094 1811 tribuni
1122 1772 1273 1825 plebis,
1290 1774 1406 1821 facti,
1428 1774 1476 1815 L.

176 1829 381 1870 AEmilius
413 1829 568 1883 Papus,
601 1830 675 1882 qui
718 1829 864 1869 consul
905 1843 1133 1882 censorque
1165 1830 1316 1879 fuerat,
1345 1834 1388 1870 et,
1415 1831 1478 1871 M.

177 1887 337 1927 Atilius
357 1887 560 1940 Regulus,
581 1888 656 1940 qui
677 1887 741 1927 bis
761 1886 906 1927 consul
927 1888 1079 1936 fuerat,
1105 1890 1148 1926 et
1168 1887 1216 1926 L.
1235 1887 1479 1928 Scribonius

175 1945 299 1994 Libo,
319 1945 393 1998 qui
429 1948 524 1984 tum
557 1945 752 1984 tribunus
787 1944 921 1997 plebis
949 1948 1052 1984 erat.
1115 1944 1153 1985 7.
1186 1945 1244 1984 Et
1265 1946 1478 1985 duumviri

176 2003 322 2051 creati,
362 2002 424 2042 M.
474 2005 519 2042 et.
555 2002 599 2043 C.
634 2002 774 2051 Atilii,
803 2002 935 2042 aedem
976 2001 1230 2051 Concordiae,
1266 2016 1394 2055 quam
1429 2004 1478 2043 L.

174 2059 364 2100 Manlius
389 2063 544 2113 praetor
571 2063 757 2107 voverat,
790 2060 1107 2100 dedicaverunt.
1159 2060 1217 2099 Et
1233 2064 1317 2099 tres
1339 2063 1481 2114 ponti-

175 2117 272 2157 fices
292 2118 437 2166 creati,
459 2117 507 2165 Q.
531 2117 723 2158 Caecilius
745 2117 945 2157 Metellus
966 2120 1010 2156 et
1027 2117 1074 2164 Q.
1098 2117 1254 2157 Fabius
1267 2117 1480 2158 Maximus

174 2178 219 2215 et
239 2174 287 2223 Q.
310 2175 486 2215 Fulvius
508 2175 698 2223 Flaccus,
719 2176 764 2214 in
786 2174 925 2214 locum
942 2174 990 2214 P.
1013 2173 1225 2214 Scantinii
1247 2175 1476 2225 demortui,

174 2235 219 2272 et,
258 2232 307 2272 L.
342 2232 513 2272 AEmilii
545 2232 670 2272 Pauli
711 2232 894 2272 consulis
934 2235 979 2272 et
1020 2231 1067 2280 Q.
1104 2231 1209 2272 AElii
1241 2232 1368 2282 Paeti,
1402 2235 1475 2287 qui

173 2290 414 2330 ceciderant
434 2295 578 2344 pugn-5
599 2289 821 2331 Cannensi.
