1663 2718
453 125 621 164 LIBER
656 124 815 163 XXIII.
873 123 989 162 CAP.
1019 123 1192 161 XXXV.
1424 123 1476 162 49

588 273 854 315 CHAPTER
884 272 1062 312 XXXV.

173 369 240 402 rho
267 370 484 411 Campnmans
506 368 698 405 endeavour,
725 367 797 398 first
819 367 863 408 by
878 366 1026 407 Intrigue
1047 365 1112 398 and
1135 366 1210 398 then
1227 366 1271 407 by
1286 365 1429 403 Artifice,
1445 368 1479 397 to

214 412 331 445 reduce
352 412 409 444 the
431 412 522 444 State
542 413 579 444 of
597 411 708 442 Cumae
729 409 832 441 under
854 409 938 441 their
960 410 1081 441 Power.
1126 409 1194 440 The
1211 409 1380 441 Oumaeans
1395 419 1480 441 com-

214 455 376 488 municate
391 455 471 486 with
488 454 543 486 the
559 455 685 486 Roman
716 453 848 490 Consul,
864 453 901 483 T.
918 452 1127 494 Sempronius
1157 451 1332 483 Gracchus.
1392 451 1480 483 Sem-

214 498 348 540 pronius
363 497 507 538 engaged
522 497 555 528 in
571 496 716 537 training
729 496 782 527 his
798 506 864 526 raw
879 495 1002 526 Levies.
1049 495 1180 526 Success
1196 495 1233 526 os
1245 495 1296 525 his
1310 494 1430 526 Efforts
1446 499 1480 525 to

238 547 361 572 romote
376 540 548 581 Harmony
562 545 710 580 amongst
733 539 832 570 them.
881 538 945 569 His
969 538 1152 569 Directions
1168 543 1202 569 to
1218 537 1275 576 the
1299 537 1479 568 Cumaeans.

214 553 286 616 H'he
302 583 503 624 Campanian
530 584 644 624 Army.
670 581 771 613 under
792 581 847 612 the
871 580 1049 612 Command
1066 581 1104 612 of
1123 581 1178 612 the
1195 580 1308 611 Medix
1331 579 1477 615 Tuticus.

215 626 342 658 Marius
357 627 474 663 Alfius,
491 626 551 657 lies
567 626 600 656 in
617 625 705 656 Wait
724 625 776 656 sor
790 624 845 655 the
862 624 1030 656 Cumaeans
1046 629 1082 654 at
1102 623 1226 654 Hamae.
1273 622 1480 664 Sempronius

215 669 293 701 falls
322 679 408 711 upon
433 669 462 700 it
487 669 583 700 while
610 667 753 709 engaged
783 667 816 698 in
841 678 860 697 a
887 666 1039 707 religious
1064 666 1253 708 Solemnity.
1310 665 1415 697 Routs
1442 665 1480 696 it.

217 712 376 754 eaptures
391 712 497 744 Alfius
513 711 578 743 and
594 711 785 752 thirty-four
800 709 1094 742 &undastis—nc.
1113 712 1185 741 215.

235 797 272 835 1.
304 795 355 835 IN
387 795 514 835 Italia
545 808 678 847 quum
712 797 807 847 post
828 793 1088 834 Cannensem
1115 807 1316 847 pugnam,
1338 793 1482 834 fractis

171 853 308 906 ⁵partis
328 852 504 892 alterius
525 853 699 900 viribus,
720 851 894 891 alterius
914 851 1093 891 mollitis
1121 852 1289 900 animis,
1312 852 1481 904 segnius

178 909 337 950 bellum
358 913 478 957 esset,
514 912 552 948 2.
585 909 787 961 Campani
809 922 884 961 per
905 922 947 948 se
968 909 1106 948 adorti
1127 912 1225 948 sunt
1246 922 1336 948 rem
1357 908 1483 949 Cum-

126 999 133 1003 .
174 980 300 1006 anam
332 980 418 1006 suae
452 967 627 1006 ditionis
668 966 817 1013 facere,
850 966 986 1018 primi>
1019 965 1311 1014 sollicitantes,
1348 969 1398 1004 ut
1430 966 1483 1005 ab

175 1024 377 1064 Romanis
396 1023 624 1063 deficerent
643 1037 653 1071 ;
686 1023 758 1062 ubi
781 1023 824 1062 id
847 1025 995 1075 partun
1026 1023 1241 1075 processit,
1263 1023 1409 1063 dolum
1429 1023 1483 1062 ad

175 1081 399 1134 capiendos
413 1094 481 1121 eos
489 1084 746 1134 comparant.
770 1081 874 1119 Erat
883 1079 1105 1133 Campanis
1115 1081 1310 1121 omnibus
1324 1084 1484 1120 statum

176 1138 428 1178 sacrificium
461 1139 514 1178 ad
535 1139 707 1177 Hamas.
751 1141 788 1177 3.
812 1138 873 1177 Eo
887 1142 1077 1177 senatum
1107 1138 1368 1191 Campanum
1384 1151 1484 1177 ven-

175 1199 324 1236 turum
353 1197 551 1236 certiores
582 1195 790 1236 Cumanos
811 1195 1012 1244 fecerunt,
1035 1197 1349 1248 petieruntque,
1371 1199 1419 1235 ut·
1440 1199 1485 1235 et

178 1253 390 1294 Cumanus
411 1254 459 1293 eb
476 1257 644 1293 senatus
666 1253 831 1293 veniret
848 1253 900 1292 ad
918 1253 1244 1293 consultandum
1267 1267 1484 1292 commun-

177 1312 275 1359 iter,
297 1314 344 1350 ut
366 1311 531 1350 eosdem
554 1314 733 1362 uterque
755 1310 936 1363 populus
961 1311 1091 1350 socios
1115 1311 1334 1363 hostesque
1355 1311 1485 1350 habe-

179 1372 271 1408 ret:
304 1371 344 1407 4.
376 1368 619 1421 praesidium
640 1368 700 1407 ibi
731 1372 942 1406 armatum
964 1382 1006 1407 se
1042 1367 1274 1415 habituros,
1295 1382 1348 1407 ne
1381 1369 1485 1420 quid

179 1425 232 1465 ab
253 1425 442 1464 Romano
465 1425 648 1465 Poenove
663 1425 840 1477 periculi
856 1429 976 1464 esset.
1021 1425 1212 1472 Cumani,
1226 1439 1485 1478 quamquam

178 1486 372 1536 suspecta
406 1483 519 1522 fraus
550 1486 654 1530 erat,
674 1482 785 1521 nihil
815 1482 1013 1530 abnuere,
1035 1483 1096 1521 ita
1118 1484 1207 1535 tegi
1239 1483 1367 1522 fallax
1388 1497 1487 1522 con·

179 1540 324 1580 silium
357 1554 473 1593 posse
507 1541 601 1579 rati.
665 1542 703 1579 5.
736 1539 917 1579 Interim
938 1540 1002 1579 Ti.
1040 1539 1312 1592 Sempronius
1344 1540 1486 1580 consul

178 1598 391 1637 Romanus
407 1597 624 1646 Sinuessae,
637 1597 719 1650 quo
736 1597 788 1636 ad
805 1597 1139 1637 conveniendum
1153 1598 1267 1637 diem
1282 1599 1486 1647 edixerat,

180 1656 370 1695 exercitu
391 1655 567 1694 lustrato
589 1659 866 1707 transgressus
897 1655 1154 1694 Volturnum
1188 1654 1346 1695 flumen
1377 1657 1487 1695 circa

181 1712 406 1752 Liternum
438 1713 581 1764 posuit
620 1715 766 1751 castra.
830 1712 867 1751 6.
901 1711 967 1751 Ibi
1008 1713 1109 1764 quia
1149 1713 1283 1752 otiosa
1333 1714 1487 1753 stativa.

180 1773 315 1817 erant,
336 1769 479 1809 crebro
501 1769 719 1808 decurrere
740 1769 900 1808 milites
931 1769 1121 1822 cogebat,
1144 1773 1193 1809 ut,
1222 1771 1488 1811 tirones—ea

182 1828 367 1866 maxima
389 1841 482 1879 pars
513 1826 712 1866 volonum
754 1826 1197 1866 crat—adsuescerent
1226 1829 1347 1881 signa
1368 1829 1487 1881 sequi

181 1887 226 1924 et,
246 1885 288 1923 in
311 1885 401 1924 acie
415 1897 638 1936 agnoscere
652 1884 816 1923 ordines
833 1898 937 1923 suos.
1000 1885 1038 1924 7.
1062 1884 1180 1924 Inter
1196 1899 1290 1937 quae
1304 1887 1488 1927 maxima.

182 1946 274 1981 erat
295 1955 394 1981 cura
421 1942 534 1990 duci,
556 1942 699 1994 itaque
732 1941 884 1993 legatis
919 1941 1183 1995 tribunisque
1219 1948 1488 1996 praeceperat,

186 2011 237 2038 ne
258 2012 342 2051 qua
362 1999 606 2052 exprobatio
637 1999 834 2051 cuiquam
855 2000 1008 2039 veteris
1037 2000 1216 2040 fortunae
1236 2001 1488 2041 discordiam

185 2057 298 2096 inter
318 2056 485 2096 ordines
512 2060 691 2104 sereret3
723 2060 842 2096 vetus
874 2056 996 2096 miles
1030 2058 1175 2105 tironi,
1204 2058 1311 2097 liber
1346 2058 1488 2098 voloni

184 2127 271 2154 sese
292 2114 500 2166 exaequari
531 2115 714 2161 sineret;
747 2116 785 2153 8.
818 2128 960 2153 omnes
982 2115 1082 2153 satis
1111 2115 1305 2155 honestos
1341 2130 1489 2168 gener-

186 2185 357 2224 ososque
396 2171 612 2219 ducerent,
643 2171 797 2224 quibus
826 2185 942 2211 arma
972 2185 1046 2211 sua
1075 2173 1278 2225 signaque
1310 2173 1490 2226 populus

185 2228 399 2268 Romanus
433 2229 733 2276 commisisset3
778 2231 815 2269 9.
847 2243 940 2281 qua]
976 2230 1144 2269 fortuna
1185 2232 1389 2284 coegisset
1428 2232 1490 2271 ita

187 2285 293 2334 fieri,
329 2287 506 2326 eandem
546 2300 694 2339 cogere
726 2287 837 2325 tueri
878 2287 1051 2326 factum.
1114 2288 1175 2326 Ea
1207 2302 1290 2327 non
1332 2289 1490 2341 majore

187 2347 287 2383 cura
307 2347 515 2396 praecepta
542 2344 594 2383 ab
631 2344 807 2383 ducibus
843 2348 955 2391 sunt,
976 2346 1103 2396 quam
1125 2359 1149 2384 a
1170 2345 1382 2385 militibus
1415 2347 1489 2386 ob-

188 2405 377 2449 servata3
409 2401 609 2453 brevique
630 2404 749 2441 tant-51
772 2402 991 2441 concordia
1022 2402 1264 2442 coaluerant
1297 2405 1489 2445 omnium

829 2470 856 2497 D
