1663 2718
205 151 258 198 48
501 159 614 196 TITI
651 159 790 196 LIVII
826 157 1224 196 HISTORIARUM

205 270 262 310 ad
281 270 342 310 M.
365 270 594 318 Valerium,
617 269 669 308 ad
691 282 817 321 quem
837 283 968 308 unum
990 270 1072 308 iter
1092 271 1236 308 tutum
1257 269 1402 317 fuerit,
1424 282 1516 321 per-

207 329 370 368 venisse
388 341 398 374 3
421 327 695 379 Campaniam
711 340 903 378 superare
920 327 1114 379 nequisse
1136 329 1310 378 saeptam
1330 326 1518 366 hostium

209 385 427 437 praesidiis.
503 384 540 423 6.
584 384 749 423 Deinde
782 387 831 423 ut
867 384 1051 423 Punicus
1088 383 1224 423 cultus
1265 383 1518 436 habitusque

206 445 419 495 suspectos
469 441 632 492 legatos
682 441 786 480 fecit
835 441 1103 489 Hannibalis,
1153 442 1518 493 interrogatosque

207 513 343 539 sermo
378 499 582 552 prodidit,
616 499 654 539 7.
687 501 792 547 tum,
815 499 1041 538 comitibus
1077 512 1221 538 eorum
1252 499 1435 538 seductis
1471 512 1519 537 ac

207 559 327 596 metu
340 557 516 605 territis,
530 556 680 595 literae
696 569 859 608 quoque
874 556 929 595 ab
942 555 1184 596 Hannibale
1200 556 1253 595 ad
1267 556 1518 609 Philippum

208 616 406 663 inventae,
429 617 473 653 et
494 617 617 666 pacta
638 614 749 652 inter
769 627 913 665 regem
946 613 1227 653 Macedonum
1255 613 1518 666 Poenumque

207 672 370 711 ducem.
434 674 472 710 8.
506 671 665 718 Quibus
697 671 797 709 satis
829 671 1025 722 cognitis,
1047 671 1259 722 optimum
1285 671 1422 709 visum
1456 676 1521 710 est

206 730 395 781 captivos
417 728 675 779 comitesque
697 741 841 766 eorum
868 727 1047 767 Romam
1067 727 1121 766 ad
1151 730 1344 766 senatum
1372 730 1447 766 aut
1467 728 1519 767 ad

207 785 409 833 consules,
442 785 698 837 ubicumque
727 787 879 833 essent,
912 786 1039 837 quam
1070 785 1256 837 primiim
1284 785 1518 837 deportare.

208 845 248 881 9.
295 843 359 881 Ad
396 842 442 881 id
478 842 707 881 celerrimae
748 842 935 894 quinque
976 855 1102 881 naves
1143 842 1332 889 delectae,
1381 855 1429 881 ac
1470 843 1518 881 L.

205 900 399 939 Valerius
421 900 584 947 Antias,
601 900 674 952 qui
696 903 903 952 praeesset,
920 900 1069 939 missus
1085 914 1095 947 3
1118 900 1241 952 eique
1257 900 1520 947 mandatum,

205 960 256 996 ut
308 959 353 996 in
404 971 547 996 omnes
587 970 713 996 naves
755 957 916 1009 legatos
962 958 1189 1010 separatim
1225 957 1519 997 custodiendos

205 1015 430 1063 divideret,
468 1014 670 1066 daretque
706 1028 888 1067 operam,
924 1028 978 1053 ne
1019 1015 1131 1067 quod
1166 1015 1219 1053 iis
1260 1014 1519 1067 colloquium

204 1073 318 1111 inter
340 1086 396 1120 se,
414 1086 519 1111 neve
541 1085 634 1124 quae
656 1073 983 1111 communicatio
1005 1071 1185 1121 consilii,
1208 1075 1328 1112 esset.

267 1132 331 1169 10.
365 1130 446 1168 Per
486 1130 601 1168 idem
633 1132 800 1182 tempus
842 1130 986 1169 Romae
1036 1143 1169 1181 quum
1200 1130 1248 1168 A.
1301 1129 1518 1169 Cornelius

203 1187 453 1234 Mammula,
468 1201 518 1225 ex
535 1187 729 1226 Sardinia
745 1187 962 1238 provincia
974 1187 1190 1235 decedens,
1200 1186 1430 1235 retulisset,
1443 1188 1519 1239 qui

203 1247 339 1284 status
357 1258 497 1283 rerum
519 1245 564 1282 in
582 1243 719 1283 insula
735 1247 922 1283 esset—l
935 1246 969 1283 l.
992 1243 1154 1283 bellum
1170 1258 1218 1283 ac
1235 1244 1519 1284 defectionem

203 1315 347 1342 omnes
388 1305 576 1354 spectare
595 1316 605 1349 3
657 1301 705 1348 Q.
747 1301 954 1350 Mucium,
996 1303 1070 1354 qui
1112 1302 1373 1341 successisset
1422 1302 1518 1351 sibi,

202 1361 414 1412 gravitate
437 1359 528 1399 caeli
550 1372 837 1412 aquarumque
860 1360 1155 1399 advenientem
1173 1362 1412 1412 exceptum,
1433 1372 1518 1398 non

201 1422 292 1457 tam
314 1418 358 1456 in
380 1416 662 1469 periculosum
683 1419 811 1469 quam
832 1417 1009 1469 longum
1027 1417 1221 1456 morbum
1242 1416 1517 1469 implicitum,

201 1475 277 1514 diu
297 1475 350 1514 ad
372 1475 475 1514 belli
496 1475 644 1513 munia
665 1475 909 1513 sustinenda
925 1474 1126 1514 inutilem
1142 1475 1244 1522 fore,
1271 1477 1336 1513 12.
1359 1475 1518 1514 exerci-

200 1535 376 1585 tumque
398 1532 473 1580 ibi,
491 1535 542 1571 ut
562 1533 662 1571 satis
684 1532 851 1570 firmum
872 1535 1032 1585 pacatae
1051 1533 1280 1585 provinciae
1295 1532 1514 1585 praesidem

201 1604 302 1639 esse,
318 1591 380 1629 ita
401 1591 607 1642 imparem
628 1589 755 1637 bello,
772 1590 884 1642 quod
905 1593 1071 1629 motum
1095 1590 1149 1628 iri
1172 1590 1514 1629 videretur—13.

200 1648 479 1687 decreverunt
499 1651 652 1700 patres,
667 1651 715 1686 ut
730 1647 777 1694 Q.
794 1647 968 1686 Fulvius
982 1647 1157 1686 Flaccus
1173 1647 1360 1699 quinque
1376 1647 1517 1686 millia

199 1705 409 1758 peditum,
431 1705 761 1757 quadringentos
783 1706 946 1757 equites
967 1705 1180 1753 scriberet,
1203 1718 1379 1757 eamque
1409 1704 1518 1757 legi-

200 1777 325 1803 onem
346 1764 484 1816 primo
506 1775 672 1815 quoque
694 1765 884 1816 tempore
898 1763 943 1802 in
958 1762 1197 1803 Sardiniam
1217 1761 1516 1815 trajiciendam

201 1825 381 1870 curaret,
417 1823 482 1859 14.
515 1821 792 1873 mitteretque
828 1834 925 1859 cum
953 1821 1131 1873 imperio
1162 1833 1290 1872 quem
1311 1820 1393 1872 ipsi
1424 1820 1515 1859 vid-

201 1881 354 1927 eretur,
389 1878 463 1930 qui
505 1892 595 1917 rem
630 1881 808 1930 gereret,
842 1879 980 1930 quoad
1014 1878 1185 1917 Mucius
1219 1877 1512 1917 convaluisset.

204 1937 269 1975 15.
303 1936 368 1975 Ad
390 1949 483 1975 eam
512 1949 602 1974 rem
638 1937 787 1975 missus
810 1940 873 1975 est
890 1937 938 1975 T.
954 1935 1143 1975 Manlius
1164 1936 1416 1988 Torquatus,
1438 1936 1514 1988 qui

199 1993 264 2033 bis
296 1993 443 2033 consul
475 1995 520 2032 et
541 2006 685 2033 censor
707 1994 861 2042 fuerat,
884 1994 1192 2046 subegeratque
1214 1994 1259 2032 in
1291 1993 1514 2032 consulatu

200 2051 365 2091 Sardos.
431 2051 496 2090 16.
529 2050 617 2090 Sub
638 2050 753 2090 idem
774 2051 861 2089 fere
883 2053 1052 2103 tempus
1081 2054 1124 2090 et
1145 2064 1169 2089 a
1191 2050 1446 2102 Carthagine
1468 2050 1512 2089 in

199 2108 439 2149 Sardiniam
456 2108 596 2147 classis
627 2108 765 2158 missa,
785 2108 888 2147 duce
906 2107 1184 2155 Hasdrubale,
1200 2108 1267 2147 cui
1300 2107 1427 2148 Calvo
1445 2122 1513 2147 co-

198 2180 380 2219 gnomen
390 2169 494 2215 erat,
507 2166 619 2205 foeda
634 2168 888 2219 tempestate
905 2169 1067 2214 vexata,
1082 2166 1134 2205 ad
1152 2165 1345 2205 Baleares
1356 2165 1513 2205 insulas

198 2223 400 2276 dejicitur
418 2238 427 2271 ;
466 2224 530 2264 17.
562 2223 872 2276 ibique-adeo
893 2237 976 2263 non
998 2227 1259 2263 armamenta
1279 2223 1418 2271 modo,
1440 2223 1511 2263 sed

197 2282 327 2321 etiam
363 2281 472 2321 alvei
504 2282 679 2320 navium
711 2282 898 2335 quassati
948 2281 1344 2321 erant—subductae
1384 2294 1512 2321 naves

197 2338 299 2378 dum
322 2338 584 2388 reficiuntur,
606 2338 876 2392 aliquantum
893 2339 1095 2393 temporis
1111 2339 1335 2379 triverunt.

1638 701 1663 1126 --ssss⁴„kk.:sst*;;3.--.m
1656 675 1663 688 -
1651 623 1663 667 ...s
1660 607 1663 614 .
