1663 2718
170 132 221 172 26
460 131 573 171 ΤΙΤΙ
610 133 750 171 LIVII
786 132 1182 172 HISTORIARUM

625 279 892 321 CHAPTER
922 280 1046 321 XIX.

174 369 353 407 Hannibal,
378 368 523 410 quitting
543 368 844 410 winter-quartem,
863 372 992 401 returns
1015 373 1049 401 to
1073 368 1124 400 his
1141 369 1244 410 Camp
1265 369 1376 402 before
1395 369 1487 402 casi-

217 413 332 444 linum.
378 412 535 444 Garrison
550 411 616 443 and
630 411 841 444 Inhabitants
856 411 992 443 reduced
1006 416 1040 444 to
1056 412 1113 443 the
1128 417 1250 444 utmost
1273 412 1487 444 Destitution.

219 456 383 487 Gracchus
409 454 582 497 prevented
606 455 691 486 from
718 455 907 496 succouring
929 455 1028 486 them.
1074 456 1177 487 Casks
1199 455 1289 486 filled
1303 455 1386 486 with
1401 456 1488 487 Corn

219 498 339 530 floated
364 498 456 529 down
480 498 537 529 the
561 498 741 529 Volturnus
766 508 807 530 on
832 501 923 529 three
950 498 1127 529 successive
1154 498 1283 539 Nights.
1329 499 1360 529 A
1385 498 1489 530 Flood

220 542 349 581 driving
362 552 448 572 some
461 542 497 572 of
505 541 596 572 these
611 541 713 572 Casks
725 545 759 572 to
768 541 823 572 the
835 541 929 572 Bank
941 540 1017 572 held
1029 542 1072 582 by
1083 541 1138 572 the
1150 541 1285 583 Encmy,
1297 541 1353 573 the
1362 541 1446 572 Plan
1459 541 1488 572 is

218 584 411 622 discovered,
427 584 491 615 and
507 583 717 615 Precautions
733 594 788 615 are
803 584 900 615 taken
915 584 1045 624 against
1067 584 1110 615 its
1127 584 1356 616 Continuance.
1402 585 1489 615 Nuts

220 638 275 658 are
297 628 375 658 then
401 627 526 658 thrown
551 627 621 658 into
647 627 703 658 the
728 627 852 658 stream
881 627 946 658 and
970 627 1090 667 caught
1105 627 1149 667 by
1164 627 1221 658 the
1237 627 1387 668 besieged
1408 627 1488 658 with

221 670 374 701 Hurdlcs.
420 670 528 706 Skins,
552 670 645 706 Mice,
671 669 736 700 and
763 670 865 701 Roots
890 670 927 701 of
950 680 1047 710 every
1062 670 1154 700 Kind
1169 670 1251 701 form
1275 671 1332 702 the
1351 669 1440 701 Food
1455 670 1493 701 of

219 713 275 743 tho
306 713 462 752 besieged.
508 712 577 743 The
608 712 860 752 Carthaginians
887 712 1010 753 plough
1034 723 1077 753 up
1103 712 1150 742 all
1179 712 1273 743 Land
1302 712 1408 744 round
1433 712 1490 744 tho

219 756 336 792 Walls,
352 756 445 786 when
470 755 525 786 the
548 754 699 794 besieged
720 765 786 786 sow
810 755 1036 795 Turnip-seed.
1094 755 1274 793 Hannibal,
1298 754 1486 796 despairing

219 799 256 829 of
277 799 416 836 Succos-s,
434 808 545 838 agrees
562 808 648 839 upon
664 808 683 828 a
700 797 785 829 fixed
808 798 885 829 Sum
912 808 969 838 per
984 797 1078 829 Head
1097 808 1133 829 as
1157 798 1490 839 Ransom-money.--

220 852 279 872 nt.
294 844 366 872 216.

240 923 275 959 l.
309 920 508 960 Cnrnnmr
532 920 780 959 mitescente
796 919 888 971 jam
910 920 1063 968 hieme,
1085 920 1238 960 educto
1269 934 1320 960 ex
1350 921 1491 960 hiber-

180 980 245 1017 nis
276 978 431 1026 milite,
464 977 699 1017 Casilinum
730 978 853 1017 redit.
936 981 974 1016 2.
1009 978 1095 1017 Ubi
1135 991 1395 1030 quamquam
1436 978 1491 1017 ab

178 1036 494 1089 oppugnatione
536 1038 743 1074 cessat-um
772 1038 875 1083 erat,
917 1035 1080 1074 obsidio
1111 1038 1254 1075 tamen
1287 1036 1490 1074 continua

177 1094 406 1146 oppidanos
427 1093 753 1146 praesidiumque
768 1092 820 1131 ad
841 1092 1043 1131 ultimum
1065 1093 1220 1145 inopiae
1241 1093 1489 1132 adduxerat.

179 1154 217 1190 3.
251 1151 406 1191 Castris
428 1151 629 1189 Romanis
660 1150 724 1188 Ti.
748 1149 1021 1202 Sempronius
1054 1153 1244 1202 praeerat,
1281 1150 1490 1189 dictatore

178 1209 463 1260 auspiciorum
512 1207 838 1259 repetendorum
890 1211 1011 1246 causa
1060 1207 1249 1259 profecto
1294 1207 1489 1247 Romam.

177 1268 217 1304 4.
250 1265 504 1304 Marcellum
535 1267 579 1303 et
609 1265 748 1317 ipsum
779 1264 1024 1316 cupientem
1054 1265 1162 1303 ferre
1184 1264 1394 1304 auxilium
1417 1265 1492 1304 ob-

177 1323 295 1362 sessis
318 1326 361 1362 et
381 1322 614 1362 Volturnus
636 1322 785 1370 amnis,
807 1320 980 1361 inflatus
1002 1323 1136 1374 aquis,
1158 1325 1202 1361 et
1223 1335 1366 1375 preces
1387 1322 1493 1361 Nol-

177 1394 353 1420 anorum
387 1383 516 1432 atque
551 1379 853 1419 Acerranorum
883 1379 1101 1428 tenebant,
1124 1380 1358 1432 Campanos
1389 1380 1492 1419 tim-

176 1439 355 1486 entium,
378 1439 411 1477 si
434 1437 678 1490 praesidium
700 1437 937 1476 Romanum
966 1437 1241 1476 abscessisset.
1298 1439 1336 1477 5.
1361 1437 1492 1477 Grac-

177 1497 279 1535 chus
320 1496 513 1535 adsidens
554 1496 725 1534 tantum
759 1493 957 1543 Casilino,
990 1495 1091 1547 quia
1125 1495 1378 1547 praedietum
1400 1499 1492 1534 erat

177 1554 411 1601 dictatoris,
432 1566 484 1592 ne
505 1552 609 1604 quid
640 1552 813 1591 absente
843 1565 891 1591 eo
913 1553 975 1590 rei
1006 1555 1185 1604 gereret,
1217 1552 1326 1591 nihil
1348 1565 1491 1592 move-

177 1612 263 1659 bat,
278 1623 536 1663 quamquam
552 1623 646 1662 quae
665 1608 790 1648 facile
812 1623 980 1648 omnem
998 1610 1252 1662 patientiam
1274 1611 1493 1650 vincerent

176 1668 485 1707 nuntiabantur
515 1680 539 1706 a
571 1666 782 1707 Casilino:
846 1667 884 1706 6.
916 1680 1016 1706 nam
1051 1669 1094 1706 et
1129 1667 1413 1720 praecipitasse
1449 1682 1491 1707 se

176 1727 378 1778 quosdam
399 1738 483 1764 non
504 1723 732 1764 tolerantes
765 1725 923 1763 famem
954 1724 1185 1773 constabat,
1207 1729 1252 1764 et
1284 1728 1392 1764 stare
1426 1726 1492 1764 in-

175 1797 309 1823 ermes
331 1784 374 1822 in
396 1783 528 1822 muris
549 1782 664 1821 nuda
677 1795 849 1835 corpora
862 1782 914 1821 ad
927 1782 1155 1821 missilium
1176 1782 1359 1821 telorum
1380 1783 1492 1822 ictfis

176 1842 424 1893 praebentes.
486 1840 525 1880 7.
558 1840 621 1879 Ea
638 1853 746 1892 aegre
768 1840 933 1892 patiens
951 1839 1179 1888 Gracchus,
1201 1853 1333 1892 quum
1354 1852 1492 1893 neque

176 1912 363 1952 pugnam
384 1911 597 1937 conserere
622 1898 841 1936 dictatoris
872 1897 1035 1950 injussu
1057 1898 1331 1937 auderet—8.
1353 1911 1492 1951 pugn-

176 1957 333 1995 andum
348 1959 491 1995 autem
506 1968 606 2003 esse,
621 1955 655 1994 si
666 1954 806 2007 palam
820 1955 1081 1994 frumentum
1095 1956 1359 2007 importaret.
1375 1955 1492 1994 vide-

176 2015 444 2065 bat—neque
469 2012 580 2052 clam
604 2013 864 2064 importandi
889 2026 981 2064 spes
1012 2016 1132 2060 essct,
1154 2012 1263 2051 farre
1299 2026 1347 2051 ex
1380 2013 1490 2065 agris

177 2073 286 2111 eirca
302 2071 488 2123 undique
510 2073 708 2109 convecto
724 2082 855 2121 quum
873 2069 1087 2121 complura
1101 2069 1214 2108 dolia
1228 2069 1489 2121 complesset,

177 2129 377 2168 nuntium
399 2128 451 2167 ad
472 2129 771 2179 magistratum
787 2127 1019 2167 Casilinum
1037 2127 1169 2174 misit,
1184 2130 1233 2165 ut
1248 2128 1491 2179 exciperent

177 2187 304 2234 (lolia,
325 2200 419 2238 quae
440 2187 576 2225 amnis
599 2185 791 2224 deferret.
855 2186 892 2223 9.
926 2184 1173 2236 Insequenti
1195 2188 1332 2231 nocte,
1350 2185 1491 2223 inten-

178 2246 235 2283 tis
272 2244 467 2283 omnibus
500 2244 544 2282 in
578 2242 734 2282 flumen
775 2255 822 2281 ae
858 2255 975 2294 spem
1011 2242 1064 2281 ab
1104 2243 1257 2281 nuntio
1298 2242 1490 2281 Romano

179 2303 346 2349 factam,
368 2301 482 2340 dolia
503 2300 641 2340 medio
663 2301 789 2339 missa
810 2300 925 2338 amni
948 2299 1228 2347 defluxerunt,
1251 2298 1490 2351 :equaliter-

178 2373 259 2412 que
281 2360 391 2398 inter
422 2371 566 2398 omnes
598 2358 860 2397 frumentum
892 2357 1087 2396 divisum.
1154 2359 1218 2395 10.
1251 2357 1300 2396 Id
1324 2359 1489 2409 postero

177 2431 345 2471 quoque
367 2417 436 2456 die
459 2430 504 2455 ac
528 2416 653 2455 tertio
676 2415 835 2454 factum
858 2419 932 2455 est.
986 2415 1120 2454 Nocte
1142 2419 1182 2453 et
1207 2414 1489 2454 mittebantur
