1663 2718
132 114 183 153 34.
439 119 552 157 ’ΤΙΤΙ
587 119 728 158 LIVH
764 109 1164 157 HISTORIARUM

581 277 848 318 CHAPTER
878 277 1015 317 XXV.

138 379 253 410 Alarm
275 380 312 409 at
334 377 447 408 Rome.
492 375 637 407 Address
658 376 694 407 of
716 375 922 417 Sempronius
945 378 980 407 to
995 375 1050 406 the
1071 374 1197 407 Senate.
1243 373 1380 407 Decrees
1402 383 1452 407 re-

324 419 472 461 specting
486 419 541 450 the
556 419 661 460 Army
675 419 741 450 and
756 419 799 450 its
815 418 1164 450 Commanders.—B.c.
1183 419 1256 450 216.

202 511 238 548 1.
270 508 366 548 HAG
400 508 599 547 nuntiata
638 506 772 554 clade,
804 520 937 559 quum
971 520 1044 560 per
1079 506 1168 546 dies
1208 506 1368 546 multos
1407 506 1456 545 in

141 569 262 606 tanto
298 578 453 618 pavore
486 565 637 604 suisset
666 565 832 612 civitas,
853 567 917 612 ut,
938 564 1125 604 tabernis
1162 563 1314 604 clausis
1335 563 1456 603 velut

141 626 348 663 nocturna
381 622 612 662 solitudine
647 635 721 674 per
748 622 899 661 urbem
927 624 1033 670 acta-1,
1055 625 1225 661 senatus
1261 621 1455 661 aedilibus

141 681 364 734 negotium
396 680 530 726 daret,
574 682 612 718 2.
645 682 696 718 ut
734 678 884 718 urbem
914 679 1189 718 circumirent
1216 679 1456 731 aperirique

142 738 338 778 tabernas
359 739 403 776 et
432 736 645 775 maestitiae
666 735 848 788 publicae
879 736 1064 788 speciem
1083 735 1180 775 urbi
1201 736 1316 775 demi
1331 735 1457 787 jube-

143 797 252 842 rent,
273 797 370 833 tum
390 794 455 832 Ti.
479 793 752 845 Sempronius
784 796 980 832 senatum
1010 792 1177 841 habuit,
1199 793 1458 833 consolatus-

143 865 226 905 que
266 854 407 904 patres
448 853 512 890 est
552 854 596 890 et
641 850 902 899 adhortatus,
948 853 986 890 3.
1033 863 1100 900 ne,
1136 851 1211 903 qui
1249 850 1458 891 Cannensi

143 910 275 948 ruinae
295 921 380 948 non
397 908 728 956 succubuissent,
745 908 799 947 ad
812 909 996 948 minores
1013 907 1274 948 calamitates
1295 909 1458 947 animos

145 967 462 1006 submitterent.
525 965 645 1013 Quod
665 966 719 1005 ad
741 965 1110 1018 Carthaginienses
1131 966 1271 1005 hostes
1292 966 1459 1005 Hanni-

143 1024 367 1076 balemque
407 1023 711 1062 attineret—4.
748 1036 945 1075 prospera
979 1023 1105 1063 modo
1154 1026 1306 1072 essent,
1348 1024 1460 1062 sicut

146 1084 331 1134 speraret
367 1081 512 1120 futura
527 1080 800 1120 —Gallicum
827 1080 988 1120 bellum
1021 1083 1066 1120 et
1102 1081 1247 1120 omitti
1283 1081 1379 1120 tuto
1415 1083 1461 1120 et

145 1139 306 1179 differri
334 1152 466 1191 posse,
488 1138 782 1190 ultionemque
804 1151 898 1177 eam
930 1138 1091 1177 fraudis
1126 1139 1173 1177 in
1206 1138 1381 1177 deorum
1411 1151 1460 1177 ac

145 1196 292 1249 populi
314 1196 495 1235 Romani
525 1198 734 1248 potestate
754 1195 866 1234 fore:
899 1195 951 1234 de
972 1195 1092 1236 hoste
1112 1195 1244 1241 Poeno
1266 1196 1461 1235 exerciti-

145 1254 321 1305 busque,
357 1267 432 1305 per
463 1266 565 1305 quos
600 1253 647 1292 id
678 1252 840 1292 bellum
874 1255 1105 1305 gereretur,
1132 1253 1461 1293 consultandum

146 1314 273 1363 atque
314 1311 577 1363 agitandum.
654 1312 693 1350 5.
744 1310 841 1363 Ipse
883 1311 1084 1363 primum,
1124 1311 1230 1363 quid
1265 1311 1462 1363 peditum

147 1369 440 1421 equitumque,
471 1368 575 1420 quid
607 1368 780 1416 civium,
816 1368 920 1420 quid
952 1369 1161 1407 sociorum
1194 1369 1240 1407 in
1275 1369 1462 1407 exercitu

148 1429 256 1466 esset
273 1426 507 1473 dictatoris,
525 1426 750 1473 disseruit3
772 1429 867 1464 tum
888 1424 1118 1465 Marcellus
1135 1439 1305 1465 suarum
1321 1426 1462 1478 copia-

147 1497 244 1523 111111
276 1496 486 1523 summam
522 1483 729 1535 exposuit.
792 1483 830 1523 6.
864 1482 976 1530 Quid
1011 1483 1058 1522 in
1090 1482 1247 1536 Apuli-:2
1282 1496 1380 1528 cum
1416 1482 1461 1523 C.

147 1541 346 1581 'lerentio
379 1540 548 1580 consule
584 1543 705 1588 esset,
726 1553 750 1579 a
781 1541 931 1593 peritis
963 1540 1189 1592 quaesitum
1222 1543 1298 1580 est.
1359 1540 1462 1588 Nec,

148 1599 259 1638 unde
280 1598 516 1638 consulares
538 1599 744 1637 exercitfis
775 1599 876 1637 sat-is
898 1597 1011 1636 firmi
1032 1598 1085 1637 ad
1106 1601 1276 1637 tantum
1298 1597 1462 1638 bellum

149 1657 427 1705 efficerentur,
463 1656 654 1695 inibatur
689 1656 811 1696 ratio.
888 1655 1041 1708 Itaque
1077 1655 1280 1705 Galliam,
1313 1669 1463 1708 quam-

149 1728 278 1766 quam
310 1712 562 1753 stimulabat
602 1713 720 1766 justa
764 1714 840 1760 ira,
878 1714 1023 1752 omitti
1057 1727 1106 1753 eo
1142 1726 1251 1752 anno
1285 1713 1461 1766 placuit.

150 1772 189 1812 7.
221 1771 443 1811 Exercitus
464 1771 685 1810 dictatoris
705 1770 866 1810 consuli
887 1771 1080 1810 decretus
1101 1773 1177 1810 est.
1238 1771 1302 1810 De
1324 1785 1464 1810 exerc-

149 1830 217 1869 itu
237 1829 299 1868 M.
321 1828 532 1876 Marcelli,
553 1829 627 1881 qui
649 1842 795 1868 eorum
817 1842 868 1868 ex
890 1828 989 1880 fuga
1016 1828 1223 1869 Cannensi
1244 1832 1396 1877 essent,
1417 1829 1463 1868 in

150 1886 342 1927 Siciliam
364 1900 433 1925 eos
453 1886 617 1925 traduci
638 1889 767 1938 atque
798 1886 859 1925 ibi
888 1886 1090 1935 militare,
1112 1886 1242 1926 donec
1264 1887 1310 1926 in
1335 1886 1464 1926 Italia

150 1944 313 1984 bellum
354 1946 476 1990 esset,
512 1943 703 1995 placuit3
748 1946 786 1983 8.
829 1943 977 1983 eodem
1009 1957 1060 1983 ex
1090 1943 1213 1984 Junii
1244 1944 1464 1984 dictatoris

148 2001 388 2054 legionibus
402 2000 519 2053 rejici
537 2001 723 2040 militem
740 2001 910 2040 minimi
931 2014 1140 2053 quemque
1157 2002 1331 2051 roboris,
1344 2001 1463 2041 nullo

150 2059 390 2112 praestituto
430 2057 601 2097 militiae
641 2061 844 2111 tempore,
884 2059 968 2097 nisi
1007 2058 1119 2110 quod
1152 2059 1463 2111 stipendiorum

149 2117 444 2169 legitimorum
478 2119 597 2155 esset.
672 2117 710 2156 9.
753 2116 858 2156 Duae
899 2115 1086 2168 legiones
1126 2116 1297 2157 urbanae
1336 2117 1464 2156 alteri

150 2174 328 2223 consuli,
349 2173 424 2226 qui
449 2174 494 2212 in
530 2173 672 2213 locum
700 2173 748 2213 L.
771 2174 983 2213 Postumii
1015 2172 1216 2213 suffectus
1249 2177 1370 2223 esset,
1392 2174 1464 2214 de-

151 2235 275 2271 cretae
316 2234 442 2279 simt,
473 2245 670 2283 eumque,
702 2245 836 2284 quum
876 2232 1063 2284 primum
1099 2231 1226 2271 salvis
1261 2233 1463 2285 auspiciis

150 2292 303 2342 posset,
345 2289 475 2328 creari
525 2288 711 2341 placuit:
770 2291 835 2329 10.
878 2288 1066 2341 legiones
1107 2293 1309 2342 praeterea
1359 2290 1463 2330 duas

150 2347 288 2400 primo
320 2359 488 2399 quoque
521 2349 712 2399 tempore
753 2360 804 2387 cx
840 2345 986 2387 Sicilia
1025 2347 1167 2395 acciri,
1197 2352 1326 2400 atque
1361 2348 1462 2388 inde

151 2403 378 2454 consulem,
420 2404 489 2443 cui
530 2403 718 2457 legiones
758 2404 928 2444 urbanae
978 2404 1228 2454 evenissent,
1269 2405 1462 2447 militum
