1663 2718
199 152 254 189 44
495 151 607 188 ΤΙΤΙ
643 151 786 189 LIVII
819 151 1214 190 HISTORLARUM

199 274 437 310 manavere,
468 261 765 315 lapidibusque
796 263 907 302 circa
941 263 986 303 id
1019 263 1232 316 templum
1259 263 1384 316 pluit.
1446 263 1511 305 Ob

199 332 329 371 quem
367 319 552 358 imbrem
590 320 873 369 novemdiale,
905 325 957 360 ut
996 321 1171 370 adsolet,
1205 334 1371 361 sacrum
1411 322 1510 368 fuit.

199 379 424 429 ceteraque
446 376 642 430 prodigia
663 390 761 416 cum
782 382 881 417 cura
901 378 1083 431 expiata.

601 623 869 664 CHAPTER
909 623 1100 662 XXXII.

196 722 348 754 Division
379 722 416 753 of
442 722 498 753 the
528 722 655 753 Roman
685 721 816 752 Armies
845 732 963 761 among
993 721 1048 752 the
1078 721 1217 752 Consuls
1253 721 1318 752 and
1359 721 1510 753 Praetors.

239 767 497 805 Arrangements
513 765 564 795 for
579 765 635 796 the
656 765 820 804 Meetings
836 765 872 795 of
888 765 943 795 the
959 765 1075 795 Senate
1090 764 1155 795 and
1177 764 1231 795 the
1248 764 1383 804 holding
1398 765 1435 795 of
1455 765 1512 796 the

241 809 361 839 Courts
376 808 413 838 of
436 807 492 838 the
507 807 658 838 Praetors.
705 807 772 838 The
789 807 1044 848 Carthaginians
1060 807 1139 838 hear
1153 808 1190 838 of
1203 807 1288 838 their
1304 807 1460 838 Reverses
1476 808 1510 839 in

239 851 351 892 Spain.
396 850 492 891 Hope
514 851 550 881 of
573 850 658 881 their
669 850 768 890 being
783 850 919 881 enabled
936 856 970 881 to
986 860 1116 881 recover
1132 850 1291 881 Sardinia.
1324 850 1423 890 Mago
1439 856 1512 882 sent

239 899 275 925 to
299 893 389 935 Italy
411 894 493 925 with
520 893 642 935 Troops
669 893 734 924 and
761 893 930 934 Supplics;
966 893 1158 924 Hasdrubal
1188 899 1221 924 to
1251 893 1409 925 Sardinia.
1465 895 1510 925 At

239 938 343 969 Rome
359 937 415 968 the
432 936 569 968 Consuls
585 948 721 978 prepare
739 942 771 967 to
787 938 861 967 take
878 937 932 968 the
948 936 1049 968 Field.
1097 936 1292 968 Commands
1308 936 1458 977 assigned
1477 944 1510 968 to

240 980 297 1012 the
312 981 454 1012 Praetors
470 980 535 1011 and
550 980 776 1011 others—Rc.
795 982 869 1012 215.

259 1071 296 1108 l.
329 1068 541 1109 CONSULES
569 1069 778 1108 exercitas
807 1070 920 1108 inter
947 1082 1034 1108 sese
1067 1069 1314 1108 diviserunt.
1376 1068 1509 1108 Fabio

197 1127 407 1166 exercitus
447 1127 594 1175 Teani,
636 1127 704 1165 cuj
747 1126 808 1165 M.
851 1126 1005 1165 Junius
1046 1127 1230 1165 dictator
1270 1126 1508 1178 praefuerat,

196 1184 365 1232 evenit3
415 1183 663 1236 Sempronio
702 1183 887 1231 volones,
927 1184 1002 1236 qui
1042 1184 1104 1222 ibi
1144 1187 1279 1230 erant,
1320 1187 1365 1222 et
1404 1184 1510 1222 soci-

197 1255 318 1280 orum
349 1241 508 1294 viginti
541 1242 729 1293 quinque
770 1241 920 1280 millia.
974 1244 1012 1280 2.
1044 1241 1106 1280 M.
1138 1240 1307 1280 Valerio
1338 1241 1507 1293 praetori

196 1299 400 1351 legiones,
416 1312 511 1351 quae
532 1312 581 1338 ex
604 1298 752 1339 Sicilia
773 1299 993 1347 redissent,
1009 1299 1206 1346 decretae3
1228 1298 1289 1337 M.
1305 1298 1508 1338 Claudius

196 1370 272 1409 pro
304 1356 473 1396 consule
505 1356 558 1395 ad
594 1370 692 1395 eum
729 1358 975 1404 exercitum,
997 1357 1071 1409 qui
1105 1369 1230 1408 supra
1267 1355 1508 1396 Suessulam

196 1414 318 1454 Nolae
338 1414 598 1467 praesideret,
619 1415 798 1461 missus3
829 1418 1027 1466 praetores
1049 1414 1095 1452 in
1117 1413 1311 1453 Siciliam
1332 1427 1380 1452 ac
1411 1413 1509 1453 Sar-

197 1471 362 1511 diniam
401 1472 594 1524 profecti.
671 1474 709 1511 3.
743 1471 941 1511 Consules
981 1472 1220 1518 edixerunt,
1262 1471 1430 1523 quoties
1460 1471 1507 1509 in

197 1532 392 1569 senatum
423 1528 653 1578 vocassent,
674 1530 755 1576 uti,
778 1532 1003 1576 senatores,
1024 1529 1260 1581 quibusque
1281 1530 1326 1567 in
1358 1531 1508 1568 senatu

199 1588 339 1626 dicere
376 1587 635 1626 sententiam
666 1586 828 1635 liceret,
861 1587 913 1626 ad
953 1590 1120 1639 portam
1163 1586 1376 1639 Capenam
1410 1599 1508 1625 con-

198 1645 405 1684 venirent.
481 1647 520 1683 4.
564 1644 784 1691 Praetores,
834 1657 1013 1696 quorum
1057 1644 1168 1696 juris
1219 1644 1351 1683 dictio
1401 1648 1507 1692 erat,

197 1702 432 1741 tribunalia
454 1702 507 1740 ad
532 1702 738 1754 piscinam
770 1701 987 1754 publicam
1018 1705 1276 1754 posuerunt3
1309 1715 1357 1741 eo
1388 1700 1508 1740 vadi--

198 1760 342 1799 monia
364 1759 455 1798 ficri
472 1759 706 1811 jusserunt,
728 1759 874 1811 ibique
897 1773 944 1798 eo
965 1772 1075 1798 anno
1091 1759 1162 1811 jus
1184 1759 1348 1798 dictum
1371 1762 1448 1798 est.

259 1820 298 1857 5.
330 1817 512 1856 Interim
547 1816 1021 1868 Carthaginem—unde
1057 1817 1201 1869 Mago,
1224 1817 1356 1856 frater
1387 1816 1509 1855 Han-

199 1874 371 1923 nibalis,
393 1875 620 1914 duodecim
642 1874 780 1913 millia
801 1875 1011 1929 peditum,
1035 1878 1079 1913 et
1100 1874 1219 1913 mille
1251 1875 1508 1927 quingentos

199 1933 380 1985 equites,
422 1932 579 1983 viginti
616 1931 877 1984 elephantos,
911 1931 1030 1971 mille
1067 1933 1234 1985 argenti
1268 1932 1431 1971 talenta
1461 1932 1508 1970 in

200 1989 374 2029 Italiam
416 1990 735 2028 transmissurus
776 1994 866 2028 erat
908 2003 1004 2028 cuin
1046 1990 1241 2042 prmsfflio
1290 1989 1509 2042 sexaginta

199 2048 376 2086 navium
398 2046 858 2100 longarum—nuntius
891 2047 1094 2095 adfertur,
1143 2048 1181 2086 6.
1217 2048 1262 2086 in
1300 2047 1509 2099 Hispania

200 2119 289 2145 rem
324 2105 436 2144 male
477 2108 653 2157 gestam,
699 2118 925 2157 omnesque
976 2105 1107 2144 ferme
1148 2104 1238 2157 ejus
1279 2104 1510 2157 provinciae

200 2162 376 2216 populos
397 2162 451 2202 ad
472 2162 682 2202 Romanos
704 2162 916 2202 defecisse.
969 2162 1007 2203 7.
1031 2163 1165 2202 Erant
1185 2163 1257 2215 qui
1280 2162 1510 2215 Magonem

201 2235 298 2260 cuin
329 2221 458 2260 classe
490 2225 539 2260 ea
570 2221 800 2273 copiisque,
821 2221 973 2260 omissa
1004 2219 1146 2268 Italia,
1178 2221 1223 2259 in
1254 2220 1509 2273 Hispaniam

200 2282 456 2326 averterent,
478 2292 611 2330 quum
645 2278 850 2318 Sardiniae
880 2278 1133 2331 recipiendae
1164 2279 1387 2331 repentina
1417 2290 1511 2331 spes

201 2335 390 2375 adfulsit.
449 2339 486 2375 8.
522 2336 706 2375 Parvum
738 2336 799 2375 ibi
841 2338 1074 2375 exercitum
1116 2335 1355 2376 Romanum
1391 2349 1508 2384 esse3

201 2397 388 2433 veterem
404 2396 626 2446 praetorem
643 2394 741 2433 inde
758 2394 807 2433 A.
822 2393 1065 2434 Cornelium
1082 2395 1308 2446 pro-:inciae
1323 2394 1511 2447 peritum

201 2451 419 2500 decedere,
460 2465 617 2491 novum
659 2453 916 2506 exspectari:
970 2454 1007 2490 9.
1045 2452 1097 2490 :ul
1138 2453 1216 2491 hoc
1257 2452 1383 2491 fessos
1421 2451 1511 2504 jam
