1663 2718
163 153 212 191 16
452 151 564 188 TITI
601 151 740 188 LIVII
776 149 1174 188 HISTORIARUM

162 261 300 315 qualis
325 261 419 301 est?
456 260 603 301 Occidi
633 261 840 300 exercitus
869 259 1280 300 hostium—mittite
1306 259 1467 299 milites

163 320 283 358 mihi.
329 321 393 358 14.
417 318 529 365 Quid
549 318 666 357 aliud
687 331 867 370 rogares,
884 319 918 357 si
939 331 1046 357 esses
1066 318 1204 356 victus
1221 317 1238 357 ¹?
1264 317 1467 356 Hostium

164 377 258 429 cepi
274 376 375 415 bina
391 378 540 424 castra,
556 375 707 428 praedae
727 375 926 414 videlicet
946 375 1070 428 plena
1090 378 1133 414 et
1154 377 1469 414 commeatuum

163 434 487 472 ——frumentum
509 436 552 472 et
578 433 801 485 pecuniam
824 433 933 472 date.
995 432 1107 479 Quid
1134 431 1267 480 aliud,
1289 433 1323 471 si
1357 431 1469 484 spol-

162 491 289 541 iatus,
308 491 343 529 si
365 493 515 529 exutus
537 491 681 529 castris
698 503 817 538 esseS,
831 489 1025 543 peteres?
1090 491 1154 529 15.
1177 489 1236 528 Et
1255 502 1309 528 ne
1327 488 1468 527 omnia

164 549 254 600 ipse
274 548 571 586 mirer—mihi
587 561 752 599 quoque
769 548 897 596 enim,
911 547 1113 599 quoniam
1129 546 1326 599 respondi
1343 546 1468 585 Him-

163 605 307 653 ilconi,
328 605 587 657 interrogare
609 604 680 656 jus
706 605 849 656 fasque
877 604 1142 652 est,—velim
1176 617 1250 643 seu
1277 602 1468 642 Himilco

164 675 237 701 seu
257 662 386 714 Mago
407 662 670 714 respondeat,
692 675 826 713 quum
846 662 899 700 ad
921 662 1254 700 internecionem
1286 660 1469 699 Romani

164 720 335 771 imperii
356 721 595 771 pugnatum
616 719 669 757 ad
692 718 853 757 Cannas
875 719 944 766 sit,
961 721 1206 770 constetque
1226 718 1273 756 in
1295 717 1470 757 defecti-

165 789 243 815 one
276 778 413 814 totam
448 775 622 814 Italiam
658 788 757 822 esse,
813 776 877 815 16.
896 776 1111 827 primum,
1145 775 1289 827 ecquis
1322 774 1470 813 Latini

165 833 348 872 nominis
370 831 551 885 populus
568 832 769 871 defecerit
790 832 843 871 ad
864 845 964 880 nos3
997 832 1164 879 deinde,
1180 831 1324 884 ecquis
1343 831 1469 870 homo

163 904 215 929 ex
228 890 416 942 quinque
431 893 475 929 et
487 890 668 942 triginta
682 890 877 929 tribubus
891 890 943 929 ad
957 889 1245 928 Hannibalem
1258 889 1471 941 transfug-

163 946 308 987 erit?’'
369 946 511 994 Quum
550 950 780 999 utrumque
820 947 948 998 Mago
984 946 1192 999 negasset,
1228 949 1292 986 17.
1326 946 1471 985 “Hos-

162 1006 274 1043 tium
294 1004 469 1056 quidem
500 1017 599 1056 ergo
613 1004 633 1021 ”
655 1005 797 1057 inquit
819 1008 843 1028 ‘⁶
860 1004 999 1043 adhuc
1029 1005 1156 1042 m'mis
1187 1003 1374 1043 multum
1404 1016 1453 1042 su

162 1064 312 1114 perest.
373 1061 454 1102 Sed
475 1062 708 1101 multitudo
740 1075 788 1101 ea
809 1062 913 1114 quid
943 1062 1182 1100 animorum
1207 1061 1361 1113 quidve
1383 1060 1471 1113 spei

163 1119 332 1168 habeat,
353 1119 458 1158 scire
480 1118 647 1158 velim.”

615 1324 880 1366 CHAPTER
911 1325 1038 1364 XIII.

162 1410 309 1442 Hanno's
335 1410 497 1442 Remarks
522 1409 587 1441 and
604 1409 744 1441 Counsel
773 1420 813 1440 on
845 1409 1006 1450 receiving
1029 1420 1071 1441 an
1097 1411 1233 1440 Answer
1257 1409 1338 1440 from
1363 1409 1472 1449 Mago.

208 1453 442 1494 Carthaginian
477 1453 593 1484 Senate
618 1453 843 1484 uninfluenccd
879 1453 921 1494 by
953 1453 1050 1485 ihcm.
1097 1454 1378 1484 Rcinsorcemcnts
1408 1451 1472 1483 and

206 1498 325 1538 Money
342 1496 438 1528 voted
453 1501 488 1528 to
503 1496 790 1527 Hannibalffnc.
809 1499 881 1528 216.

226 1575 262 1611 1.
296 1571 423 1619 Qmm
439 1571 484 1611 id
500 1571 658 1610 nescire
680 1571 808 1623 Mago
824 1571 983 1610 diceret
1005 1574 1030 1594 ‘⁴
1043 1571 1166 1610 Nihil
1181 1571 1347 1610 facilius
1364 1571 1474 1610 scitu

165 1629 261 1669 est”
282 1629 438 1682 inquit.
500 1633 525 1653 “
540 1629 705 1681 Ecquos
726 1628 888 1681 legatos
909 1629 962 1668 ad
983 1628 1270 1668 Hannibalem
1292 1628 1474 1668 Romani

165 1689 373 1727 miserunt
399 1687 450 1726 de
480 1686 614 1738 pace?
646 1699 822 1738 ecquam
853 1686 1036 1738 denique
1067 1687 1330 1726 mentionem
1361 1687 1475 1738 pacis

166 1746 311 1784 Romae
342 1744 499 1783 factam
535 1757 622 1782 esse
649 1743 841 1782 adlatum
872 1744 926 1783 ad
955 1757 1027 1783 vos
1061 1743 1195 1783 est?”
1257 1743 1397 1791 Quum
1428 1743 1475 1782 id

166 1816 332 1855 quoque
364 1801 558 1854 negasset
576 1815 586 1848 3
630 1803 667 1839 2.
702 1801 915 1840 “Bellum
946 1800 1117 1854 igitur,'’
1154 1802 1311 1853 inquit,
1343 1803 1475 1840 “tam

166 1862 384 1911 integrum
405 1859 620 1907 habemus,
643 1860 769 1910 quam
801 1858 1043 1906 habuimus,
1064 1863 1145 1911 quai
1167 1859 1235 1898 die
1258 1857 1477 1898 Hannibal

167 1919 211 1956 in
249 1916 422 1956 Italiam
451 1919 515 1955 est
536 1919 828 1968 transgressus.
906 1919 943 1956 3.
978 1916 1114 1963 Quam
1146 1917 1263 1955 varia
1299 1916 1476 1955 victoria

168 1976 306 2028 priore
327 1974 488 2013 Punico
519 1972 631 2012 bello
663 1974 805 2021 fucrit,
831 1973 1022 2026 plerique
1054 1974 1128 2026 qui
1159 1974 1477 2013 meminerimus

170 2045 450 2085 supersumus.
511 2031 741 2082 Nunquam
764 2034 874 2070 tcrrz'i
905 2032 1094 2083 marique
1117 2032 1251 2083 magis
1273 2043 1478 2083 prosperae

169 2104 234 2129 res
264 2093 414 2129 nostrae
436 2089 535 2128 visae
556 2092 668 2136 sunt,
689 2090 816 2140 quam
847 2091 944 2127 ante
966 2088 1154 2127 consules
1186 2089 1230 2128 C.
1253 2088 1478 2127 Lutatium

171 2152 214 2187 et
231 2147 279 2186 A.
296 2147 565 2186 Postumium
582 2146 755 2184 fuerunt
773 2161 781 2185 :
805 2145 980 2185 Lutatio
997 2150 1036 2185 ct
1060 2145 1279 2185 Postumio
1297 2145 1479 2185 consuli-

172 2206 246 2244 bus
268 2205 424 2244 devicti
456 2204 507 2243 ad
533 2203 706 2256 z'Egates
737 2203 893 2242 insulas
924 2217 1078 2242 sumus.
1139 2206 1179 2242 4.
1213 2203 1330 2250 Quod
1364 2204 1413 2252 si,
1435 2203 1479 2242 id

168 2262 284 2315 quod
310 2262 353 2301 di
390 2275 513 2301 omen
547 2265 753 2309 avertant,
776 2275 888 2300 nunc
920 2274 1085 2313 quoque
1116 2260 1286 2301 fortuna
1315 2260 1479 2313 aliquid
1524 2257 1526 2259 ’

173 2320 411 2368 variaverit,
434 2322 526 2358 tum
552 2332 699 2371 pacem
731 2319 921 2371 spcratis,
942 2332 1074 2370 quum
1098 2319 1329 2367 vincemur,
1350 2331 1481 2372 quam

171 2391 297 2426 nunc,
319 2390 451 2429 quum
473 2377 694 2424 vincimus,
717 2377 788 2415 dat
822 2376 977 2416 nemo?
1039 2378 1077 2416 5.
1110 2376 1214 2429 Ego,
1237 2377 1270 2415 si
1303 2378 1398 2429 quis
1428 2375 1481 2415 de.

170 2449 272 2489 pace
309 2434 497 2474 consulet
529 2448 601 2473 scu
635 2434 859 2473 dofvrcuda
895 2434 1084 2473 hostibus
1119 2447 1191 2473 scu
1225 2433 1481 2487 accipienda,
