1663 2718
490 131 659 170 LIBER
694 132 851 170 XXIII.
909 132 1026 171 CAP.
1054 131 1129 171 VI.
1433 131 1457 170 7

611 303 878 345 CHAPTER
909 304 984 344 VI.

143 399 289 433 Address
304 401 341 432 os
353 400 470 432 Vibius
485 400 614 432 Virrius
630 404 664 433 to
679 400 731 432 his
747 400 947 441 Colleagues.
983 400 1082 432 Their
1095 411 1240 432 common
1257 399 1455 442 Impression

186 443 261 475 that
283 443 386 475 Rome
410 454 476 474 was
502 443 628 475 ruined.
673 444 743 475 The
769 444 890 485 People
914 443 978 474 and
1005 455 1024 475 a
1050 443 1184 475 I'ortion
1208 444 1245 475 of
1263 443 1318 475 the
1339 444 1455 475 Senate

187 487 303 518 favour
332 486 456 518 instant
478 486 605 518 Revolt.
656 487 707 528 By
731 487 786 518 the
817 487 938 518 Advice
969 487 1005 517 of
1024 487 1079 518 the
1107 486 1197 518 elder
1222 487 1374 518 Senators
1401 486 1455 517 tho

186 529 424 561 Ambassadors
439 534 473 561 to
488 529 544 561 the
560 529 682 561 Consul
697 540 752 561 are
775 535 848 561 sent
863 541 904 561 on
920 535 953 561 to
976 529 1154 561 Hannibal.
1201 529 1304 560 Other
1318 530 1455 560 Ambas-

187 571 301 604 sadors
325 583 381 603 are
406 577 479 604 sent
501 578 534 604 to
560 573 662 604 Rome
686 573 766 604 with
791 584 811 604 a
836 572 984 604 Demand
1008 573 1080 603 that
1101 583 1161 603 ono
1191 572 1314 604 Consul
1337 572 1456 603 should

186 614 374 647 henceforth
389 615 429 646 be
445 626 464 646 a
480 615 691 657 Campaniau.
736 616 884 647 Demand
907 615 1115 657 indignantly
1136 615 1273 647 refused.
1318 616 1455 646 Ambas-

186 657 299 690 sadors
321 658 457 690 ordered
480 663 515 690 to
537 660 608 699 quit.
629 659 684 690 the
707 659 951 695 Senam—house,
968 659 1032 690 and
1055 664 1088 689 to
1111 659 1150 690 be
1172 657 1348 690 conducted
1371 659 1413 700 by
1435 669 1455 689 a

186 701 306 739 Lictor,
322 701 378 733 the
394 713 482 734 same
499 702 581 743 Day,
597 701 722 734 outsido
739 702 793 734 the
810 702 936 734 Roman
952 700 1260 734 Touitenos-uc.
1279 703 1352 733 216.

207 787 244 824 1.
276 785 372 825 HAG
415 786 603 825 oratione
645 785 828 825 consulis
861 786 1047 825 dimissis
1095 784 1454 837 redeuntibusque

118 842 318 891 ¹domum
344 842 511 895 legatis,
534 856 642 882 unus
675 857 727 882 ex
767 843 846 891 his,
884 843 1036 882 Vibius
1073 842 1252 890 Virrius,
1286 845 1454 895 tempus

142 900 306 939 venisse
327 901 403 946 ait,
425 913 507 952 quo
531 900 735 953 Campani
757 913 841 939 non
861 913 1011 952 agrum
1029 899 1166 938 solum
1186 899 1240 939 ab
1254 899 1455 939 Romanis

142 957 355 1009 quondam
397 971 469 1009 per
519 957 724 1009 injuriam
774 957 1023 1009 ademptum
1074 970 1332 1008 recuperare,
1384 957 1455 996 sed

142 1014 322 1066 imperio
357 1015 489 1053 etiam
527 1014 666 1054 Italiae
699 1015 829 1067 potiri
871 1015 1058 1067 possiut;
1092 1016 1129 1052 2.
1162 1013 1298 1053 foedus
1338 1015 1454 1053 enim

142 1085 241 1111 cum
275 1071 517 1111 Hannibale
545 1072 699 1124 quibus
721 1071 857 1111 velint
885 1071 1049 1124 legibus
1075 1072 1288 1119 facturos;
1316 1084 1454 1124 neque

142 1130 472 1169 controversiam
508 1130 611 1177 fore,
647 1130 767 1181 quin,
808 1143 940 1182 quum
965 1130 1070 1181 ipse,
1107 1128 1298 1168 confecto
1326 1128 1453 1178 bello,

143 1186 362 1226 Hannibal
384 1187 518 1226 victor
549 1187 595 1226 in
617 1187 802 1226 Africam
826 1187 1003 1226 decedat
1031 1187 1349 1238 exercitumque
1382 1186 1453 1225 de-

142 1247 299 1296 portet,
342 1244 480 1284 Italian
531 1245 757 1297 imperium
800 1243 1024 1297 Campanis
1060 1243 1337 1295 relinquatur.
1413 1246 1451 1283 3.

143 1301 247 1341 Haec
268 1301 408 1340 Virrio
430 1301 621 1354 loquenti
645 1301 809 1341 adsensi
831 1315 975 1341 omnes
996 1302 1058 1340 ita
1074 1302 1322 1340 renuntiant
1338 1300 1454 1353 lega-

141 1359 319 1406 tionem,
341 1360 407 1398 uti
444 1359 631 1398 deletum
660 1359 856 1398 omnibus
884 1359 1098 1398 videretur
1123 1372 1277 1398 nomen
1298 1358 1454 1398 Roma-

141 1429 260 1456 num.
321 1420 361 1456 4.
395 1416 622 1469 Extemplo
665 1416 811 1469 plebes
852 1417 904 1456 ad
947 1416 1228 1455 defectionem
1268 1429 1316 1455 ac
1358 1429 1452 1468 pars

141 1473 277 1527 major
303 1476 471 1514 senatfis
504 1478 718 1527 speetare3
751 1477 790 1513 5.
823 1477 1012 1513 extracta
1044 1478 1187 1513 tamen
1223 1475 1452 1513 auctorita-

141 1532 255 1571 tibus
271 1533 483 1571 seniorum
500 1546 573 1585 per
590 1545 742 1585 paucos
764 1532 852 1571 dies
874 1536 936 1571 est
949 1545 1025 1571 res.
1077 1531 1295 1571 Postremo
1317 1531 1452 1571 vineit.

142 1590 356 1629 sententia
392 1589 595 1642 plurium,
631 1592 681 1628 ut.
715 1590 830 1629 idem
864 1589 1012 1643 legati,
1045 1590 1117 1641 qui
1146 1589 1199 1628 ad
1236 1588 1452 1628 consulem

141 1646 381 1686 Romanum
403 1648 553 1695 ierant,
575 1647 628 1686 ad
645 1647 933 1686 Hannibalem
954 1648 1243 1685 mitterentur.
1289 1647 1326 1686 6.
1360 1646 1450 1694 Quo

140 1705 387 1758 priusquam
428 1706 575 1752 iretur,
624 1708 873 1756 certumque
924 1704 1173 1743 defectionis
1225 1703 1451 1743 consilium

139 1766 262 1809 esset,
284 1762 464 1801 Romam
486 1762 647 1815 legatos
668 1763 814 1801 missos
836 1775 860 1801 a
883 1761 1107 1814 Campanis
1129 1762 1174 1799 in
1195 1761 1450 1813 quibusdam

139 1819 364 1860 annalibus
393 1821 564 1858 invenio
592 1819 869 1871 postulantes,
896 1823 944 1858 ut
969 1819 1078 1858 alter
1107 1818 1250 1857 consul
1273 1818 1450 1871 Campa-

140 1890 218 1917 nus
236 1876 371 1926 fieret,
387 1877 419 1916 si
437 1890 526 1916 rem
542 1877 777 1916 Romanam
793 1876 987 1929 adjuvari
1004 1876 1184 1925 vellent3
1218 1877 1255 1916 7.
1279 1876 1450 1929 indign-

139 1935 284 1974 atione
316 1939 409 1974 orta
429 1935 668 1974 submoveri
690 1947 715 1973 a
746 1935 861 1973 curia
886 1934 1025 1987 jussos
1056 1947 1158 1982 esse,
1189 1934 1449 1986 missumque

139 1991 348 2039 lictorem,
369 1993 444 2044 qui
467 2006 517 2031 ex
539 1992 642 2031 urbe
665 1992 862 2032 educeret
883 2006 965 2041 eos,
979 1995 1107 2044 atque
1129 2004 1176 2030 eo
1191 1991 1260 2030 die
1281 2004 1449 2031 manere

138 2052 260 2089 extra
295 2049 399 2089 fines
435 2049 646 2090 Romanos
666 2049 852 2102 juberet.
916 2052 954 2089 8.
988 2049 1096 2097 Quia
1127 2049 1254 2088 nimis
1280 2061 1450 2101 compar

139 2106 392 2147 Latinorum
413 2107 626 2160 quondam
647 2107 880 2160 postulatio
903 2110 1007 2156 erat,
1030 2106 1270 2158 Coeliusque
1293 2110 1338 2146 et,
1372 2105 1449 2146 alii

137 2164 185 2204 id
217 2164 331 2204 haud
358 2166 448 2204 sine
476 2170 599 2204 causa
623 2166 983 2218 praetermiserant.
1019 2165 1256 2217 seript01·eS‚
1293 2177 1449 2218 ponere

138 2234 214 2275 pro
237 2226 352 2262 certo
374 2236 467 2262 sum
488 2223 661 2262 veritus.
