1663 2718
185 125 235 163 36
474 124 587 162 T1T1
623 124 764 162 LIVII
799 124 1197 162 HISTORIARUM

184 237 289 284 erat,
311 241 356 274 et
389 249 463 288 per
498 249 619 288 agros
639 236 823 288 fugaque
856 238 900 274 et
933 235 1089 283 caedes;
1131 234 1283 275 deinde
1309 236 1493 289 undique

185 293 360 334 diversis
381 293 610 332 itineribus
630 306 762 345 quum
793 294 837 332 in
869 296 1005 332 castra
1026 306 1068 332 se
1099 293 1369 345 recepissent,
1390 295 1493 333 adeo

184 353 358 403 repente
383 350 561 390 decessit
592 351 746 390 animis
782 363 923 403 pavor,
945 354 996 389 ut
1027 363 1111 389 non
1145 350 1199 389 ad
1226 351 1495 390 munimenta

184 408 310 447 modo
342 407 606 447 defendenda
639 409 739 447 satis
769 408 1008 447 animorum
1041 412 1161 457 esset,
1183 408 1253 447 sed
1289 409 1421 448 etiam
1441 408 1495 447 ad

185 465 476 505 lacessendum
521 465 671 518 proelio
722 465 899 505 hostem.
981 467 1019 505 9.
1071 466 1316 518 Erumpunt
1360 466 1496 519 igitur

184 524 355 576 agmine
386 537 408 563 e
439 524 584 562 castris
614 524 898 576 tripudiantes
928 537 1044 563 more
1079 537 1168 572 suo,
1189 524 1496 576 repentinaque

185 594 332 620 eorum
364 581 539 620 audacia
571 584 774 620 terrorem
794 580 907 620 hosti
938 581 1064 633 paulo
1092 585 1192 620 ante
1212 581 1326 620 ultro
1347 581 1497 620 lacess-

186 638 275 678 enti
305 639 496 678 incussit.
562 641 626 678 10.
659 638 811 690 Itaque
842 642 886 677 et
907 639 995 690 ipse
1016 638 1256 677 Hasdrubal
1276 639 1322 677 in
1343 638 1497 678 collem

186 697 288 735 satis
310 696 504 744 arduum,
527 695 702 734 flumine
725 696 856 734 etiam
877 696 1041 748 objecto
1062 699 1222 744 tutum,
1240 696 1380 748 copias
1401 696 1498 735 sub-

185 753 318 800 ducit,
359 756 403 792 et
452 753 711 805 praemissam
751 752 888 792 levem
942 756 1200 792 armaturam
1250 754 1498 805 equitesque

185 809 350 863 palatos
372 810 520 849 eodem
551 811 733 862 reeipit3
766 823 844 848 nec
875 813 950 848 aut
980 810 1080 849 colli
1101 814 1176 849 aut
1206 808 1375 849 flumini
1397 811 1498 849 satis

185 867 318 907 fidens
367 871 502 907 castra
541 867 654 906 vallo
701 868 932 920 permunit.
1016 870 1081 906 11.
1128 867 1181 906 In
1221 868 1299 906 hoc
1335 867 1498 907 alterno

185 938 338 978 pavore
359 925 591 964 certamina
611 925 777 977 aliquot
797 928 897 964 sunt
909 928 1137 965 contracta.
1198 925 1288 964 Nec
1308 925 1498 964 Numida

185 983 377 1035 Hispano
399 996 524 1035 eques
550 996 626 1035 par
658 983 756 1031 fuit,
781 996 860 1022 nec
874 982 1086 1035 jaculator
1106 982 1282 1022 Maurus
1312 986 1498 1031 caetratO,

185 1040 412 1080 velocitate
449 1041 554 1093 pari,
586 1040 732 1079 robore
772 1041 907 1080 animi
946 1041 1188 1093 viriumque
1229 1040 1498 1093 aliquantum

185 1099 418 1151 praestanti.

606 1279 874 1320 CHAPTER
905 1280 1091 1319 XXVII.

185 1380 254 1412 The
269 1378 418 1417 Tartesii,
429 1379 527 1420 being
542 1379 662 1410 unable
677 1383 712 1410 to
726 1378 816 1409 draw
832 1378 1021 1410 Hasdrubal
1036 1378 1121 1410 from
1137 1378 1189 1410 his
1205 1378 1363 1417 Position,
1389 1381 1500 1411 attack

228 1425 346 1461 Ascua,
372 1423 478 1454 where
502 1423 555 1454 his
579 1422 729 1463 Supplies
752 1433 833 1453 were
862 1421 980 1454 stored.
1025 1421 1202 1462 Becoming
1225 1422 1408 1464 disorderly
1434 1423 1499 1454 and

229 1467 404 1516 negligent,
421 1466 497 1515 they
512 1476 568 1496 are
584 1465 735 1497 attacked
751 1465 816 1514 and
831 1465 979 1539 gefeated
994 1465 1039 1506 by
1054 1465 1257 1539 ῌῑξεᾶιπιέἱκιὶᾗ
1287 1465 1387 1497 Their
1397 1466 1500 1515 whole

228 1510 354 1594 {32¹3}ss
368 1509 1153 1593 {325¹ff.23.2¹{221f03303*;uaga..53²3>ss¹523?ss
1165 1509 1499 1593 3.0{1„‘’.22¹3¹}3Z‘3321

228 1597 303 1628 able
319 1596 454 1637 Feeling
469 1595 608 1627 towards
624 1595 680 1626 the
696 1595 849 1627 Romans.
884 1594 1100 1626 Hasdrubal's
1114 1595 1225 1626 Letter
1241 1600 1274 1626 to
1290 1595 1345 1627 thc
1362 1596 1499 1627 Cartha-

229 1639 341 1681 ginian
359 1639 596 1671 Senate.—1³.c.
609 1640 680 1670 216.

248 1730 284 1767 l.
301 1727 527 1773 POSTQUAM
539 1740 675 1779 neque
683 1726 834 1766 elicere
848 1726 1028 1765 Poenum
1042 1725 1095 1765 ad
1110 1729 1321 1766 certamen
1335 1726 1501 1766 obvers-

186 1787 248 1825 ati
270 1785 417 1824 castris
438 1787 649 1837 poterant,
665 1797 802 1837 neque
825 1787 1057 1823 castrorum
1079 1785 1340 1837 oppugnatio
1362 1784 1499 1824 facilis

186 1847 290 1891 erat,
324 1845 362 1882 2.
395 1842 544 1881 urbem
566 1842 760 1890 Ascuam,
782 1842 880 1894 quo,
902 1841 1004 1881 fines
1031 1842 1221 1881 hostium
1242 1842 1498 1895 ingrediens,

187 1899 429 1939 Hasdrubal
449 1899 713 1939 frumentum
734 1901 1076 1951 commeatusque
1107 1898 1211 1938 alios
1233 1904 1498 1947 convexerat,

186 1959 229 1997 vi
251 1958 427 2010 capiunt
448 1957 647 2009 omnique
669 1958 779 1996 circa
808 1969 908 2009 agro
928 1957 1164 2009 potiuntur.
1206 1957 1249 1996 N
1250 1971 1296 1996 ec
1312 1957 1404 2009 jam
1425 1962 1499 1996 aut

186 2016 231 2055 in
253 2015 422 2068 agmine
439 2015 575 2054 autin
592 2015 738 2054 castris
751 2013 838 2053 ullo
852 2015 1030 2066 imperio
1051 2015 1273 2054 contineri.
1307 2017 1346 2054 3.
1364 2014 1498 2062 Quam

186 2073 258 2113 ubi
281 2072 591 2125 negligentiam
624 2086 674 2112 ex
694 2085 751 2119 re,
773 2075 822 2110 ut
844 2071 906 2120 fit,
930 2072 1034 2111 bene
1055 2075 1173 2124 gesta
1194 2073 1294 2111 oriri
1316 2078 1499 2112 senserat

186 2129 440 2179 Hasdrubal,
476 2130 717 2169 cohortatus
752 2129 927 2176 milites,
963 2133 1012 2168 ut
1048 2128 1210 2182 palatos
1244 2130 1333 2168 sine
1364 2130 1497 2182 signis

187 2189 326 2228 hostes
347 2188 690 2240 aggrederentur,
713 2187 926 2239 degressus
948 2187 1055 2226 colle
1077 2187 1219 2239 pergit
1239 2188 1300 2226 ire
1322 2188 1411 2228 acie
1433 2189 1498 2226 iu-

186 2250 345 2286 structa
363 2246 416 2285 ad
432 2248 579 2285 castra.
631 2248 671 2285 4.
694 2244 828 2293 Quem
841 2249 890 2284 ut
910 2245 1051 2284 adesse
1071 2244 1331 2284 tumultuose
1353 2245 1494 2285 nuntii

185 2317 233 2344 ac
267 2303 524 2355 refugientes
558 2317 609 2342 ex
641 2302 822 2356 speculis
852 2302 1188 2354 stationibusque
1225 2302 1422 2351 attulere,
1442 2303 1495 2343 ad

184 2374 301 2401 arma
323 2360 633 2400 conclamatum
656 2363 732 2400 est.
795 2362 834 2400 5.
869 2360 929 2400 Ut
963 2361 1140 2413 quisque
1177 2373 1293 2400 arma
1314 2366 1495 2413 ceperat,

183 2421 274 2460 sine
315 2419 510 2472 imperio,
547 2419 636 2458 sine
677 2419 812 2472 signo,
854 2418 1140 2471 incompositi,
1174 2418 1407 2458 inordinati
1450 2419 1489 2458 ir

1606 1462 1641 2054 θ

1591 2234 1625 2467 l

1599 2471 1619 2535 Ξ..
