1663 2718
470 149 639 188 LIBER
672 150 832 188 XXIII.
889 150 1005 188 CAP.
1035 150 1182 189 XLIV.
1424 151 1474 191 61

167 260 382 314 quondam
403 259 594 309 fuissent,
616 263 760 299 tamen
781 260 975 312 expertis,
996 262 1124 313 quam
1144 273 1271 312 grave
1291 261 1476 301 Roman-

168 331 243 358 um
281 318 510 370 imperium
542 317 678 365 sociis,
710 321 870 369 quanta
910 317 1180 370 indulgentia
1220 318 1477 359 Hannibalis

168 376 300 415 etiam
315 375 361 414 in
377 375 564 427 captivos
577 387 721 413 omnes
735 373 878 413 Italici
894 375 1078 414 nominis
1092 376 1253 423 fuisset,
1269 375 1476 416 Punicam

167 432 368 471 Romanae
417 431 661 470 societatem
710 435 838 483 atque
877 433 1111 471 amicitiam
1160 433 1476 485 praeoptandam

168 502 270 529 esse.
335 491 401 528 12.
433 487 478 528 Si
510 488 634 528 ambo
666 488 855 527 consules
885 502 982 528 cum
1013 490 1098 528 suis
1131 491 1386 530 exercitibus
1421 491 1476 530 ad

167 545 321 586 Nolam
342 548 494 594 essent,
510 548 655 584 tamen
670 559 754 584 non
770 546 904 598 magis
918 559 1037 598 pares
1051 547 1282 586 Hannibali
1297 547 1476 594 futuros,

167 604 296 656 quam
336 603 389 642 ad
422 602 584 643 Cannas
619 603 826 650 fuissent3
857 604 1014 642 nedum
1048 607 1203 656 praetor
1235 617 1343 644 unus
1378 618 1476 643 cum

167 661 313 713 paucis
332 663 377 700 et
395 661 516 699 novis
531 659 742 700 militibus
762 660 915 699 Nolam
936 662 1068 700 tutari
1089 662 1233 713 possit.
1298 664 1362 701 13.
1385 662 1478 714 Ips-

168 731 303 766 orum,
339 719 468 770 quam
508 717 775 765 Hannibalis,
807 718 1020 767 interesse,
1061 722 1184 771 capta
1223 732 1276 757 an
1318 718 1477 758 traditu.

167 775 208 814 N
211 774 277 814 ola
296 778 536 828 poteretur:
568 775 807 828 potiturum
830 776 957 822 enim,
978 780 1028 814 ut
1049 775 1189 828 Capua
1211 775 1478 828 Nuceriaque

167 833 331 885 potitus
351 835 485 880 esset;
515 833 586 871 sed
616 832 721 884 quid
750 832 864 871 inter
885 832 1038 885 Capuae
1067 847 1115 871 ac
1145 833 1185 871 N
1189 834 1337 873 uceriae
1373 834 1478 873 fort-

136 890 139 893 ’
167 902 297 928 unam
331 890 568 936 interesset,
601 889 712 941 ipsos
743 890 871 942 prope
902 890 948 928 in
978 890 1118 929 medio
1151 891 1251 929 sitos
1291 890 1476 930 Nolanos

167 947 286 985 scire.
352 948 416 985 14.
457 946 584 985 Nolle
626 947 819 995 ominari,
869 960 964 998 quae
1014 950 1147 999 captae
1196 947 1291 986 urbi
1332 961 1478 986 casura

166 1003 321 1051 forent,
342 1005 388 1042 et
415 1003 558 1056 potius
579 1003 794 1055 spondere,
816 1004 851 1042 si
881 1003 1134 1043 Marcellum
1155 1017 1251 1042 cum
1282 1005 1478 1056 praesidio

168 1074 216 1100 ac
254 1060 409 1100 Nolam
439 1060 727 1107 tradidissent,
757 1061 971 1099 neminem
1007 1060 1152 1109 alium,
1183 1063 1311 1113 quam
1351 1061 1477 1113 ipsos,

168 1117 320 1170 legem,
360 1121 444 1170 qua
483 1118 529 1156 in
569 1118 815 1157 societatem
855 1119 1175 1171 amicitiamque
1221 1118 1478 1158 Hannibalis

166 1175 376 1224 venirent,
397 1175 625 1215 dicturum.

616 1385 881 1427 CHAPTER
916 1386 1072 1426 XLIV.

169 1473 356 1505 Herennius
389 1473 512 1505 Bassus
544 1472 662 1514 replies
698 1476 732 1504 to
759 1471 904 1504 Hanno's
931 1472 1062 1514 Speech.
1124 1472 1292 1504 Hannibal
1317 1473 1401 1505 loses
1433 1474 1478 1506 all

212 1517 307 1558 Hope
322 1517 360 1548 of
371 1517 556 1557 recovering
571 1516 657 1548 Nola
671 1516 715 1557 by
731 1515 920 1556 Treachery.
963 1516 1093 1547 [nx-ests
1109 1515 1164 1547 the
1181 1516 1265 1556 City.
1303 1516 1481 1548 Marcellus

212 1561 324 1591 makes
343 1569 362 1590 a
377 1559 492 1591 Sortie.
538 1560 569 1590 A
594 1559 687 1590 fieree
708 1559 929 1599 Engagement
951 1559 1088 1590 follows.
1134 1559 1203 1590 Tho
1218 1559 1362 1590 Romans
1380 1560 1481 1591 retire

214 1603 328 1634 within
350 1603 407 1634 the
430 1602 515 1643 City,
532 1602 587 1633 the
603 1601 856 1643 Carthaginians
881 1601 949 1633 into
973 1601 1061 1633 their
1085 1601 1197 1643 Camp.
1243 1602 1360 1643 Heavy
1375 1603 1480 1634 Rains

213 1645 335 1687 compel
359 1645 507 1677 Inaction
534 1656 574 1676 on
600 1646 655 1676 1110
679 1644 846 1685 following
870 1644 953 1685 Day.
998 1645 1165 1676 Hannibal
1190 1645 1341 1686 proceeds
1361 1656 1402 1677 on
1423 1646 1480 1676 the

215 1689 304 1720 third
319 1689 392 1729 Day
404 1693 438 1720 to
454 1688 593 1730 plunder
608 1688 662 1719 the
677 1688 843 1728 Territory
858 1688 957 1718 about
969 1688 1062 1719 Nola.
1108 1687 1283 1719 Marcellus
1299 1689 1411 1720 sallies
1423 1694 1481 1720 out

215 1732 346 1773 against
360 1732 438 1762 him.
482 1732 513 1762 A
527 1731 660 1772 general
674 1730 791 1762 Action
808 1740 1036 1762 ensues.—B.c.
1051 1733 1123 1762 215.

235 1807 271 1844 1.
304 1804 368 1844 An
389 1817 439 1844 ea
469 1803 709 1843 Herennius
730 1803 879 1842 Bassus
901 1803 1131 1856 respondit,
1161 1803 1317 1843 multos
1349 1817 1479 1844 annos

168 1854 274 1916 jam*
291 1863 404 1901 inter
425 1861 663 1900 Romanum
683 1859 977 1913 Nolanumque
1008 1860 1210 1913 populum
1241 1862 1478 1901 amicitiam

175 1933 276 1968 esse,
290 1919 408 1972 cujus
420 1922 590 1958 neutros
604 1918 655 1957 ad
673 1931 766 1957 eam
782 1918 897 1957 diem
913 1919 1130 1970 paenitere,
1152 1922 1196 1956 et
1212 1918 1309 1966 sibi,
1331 1919 1366 1957 si
1383 1932 1479 1958 cum

174 1977 344 2017 fortuna
364 1976 567 2015 mutanda
588 1975 691 2014 fides
712 1975 853 2023 fuerit,
868 1975 957 2014 sero
972 1974 1064 2027 jam
1080 1988 1168 2014 esse
1189 1978 1353 2015 mutare
1374 1989 1480 2016 eam.

177 2037 216 2074 2.
249 2034 314 2073 An
331 2033 539 2073 dedituris
561 2046 603 2072 se
624 2032 859 2072 Hannibali
880 2032 1006 2071 fuisse
1036 2033 1331 2072 accersendum
1352 2033 1482 2073 Rom-

175 2105 351 2132 anorum
390 2089 668 2144 praesidium?
749 2089 853 2130 Cum
884 2090 950 2138 iis,
982 2090 1056 2142 qui
1096 2089 1150 2129 ad
1185 2102 1272 2129 sese
1303 2090 1483 2130 tuendos

175 2150 402 2198 venissent,
424 2149 566 2188 omnia
597 2147 678 2187 sibi
699 2150 743 2187 et
764 2161 849 2188 esse
880 2147 1116 2186 consociata
1137 2150 1181 2186 et
1201 2146 1255 2186 ad
1279 2146 1482 2187 ultimum

175 2206 276 2247 fore.

236 2266 274 2304 3.
306 2263 399 2304 Hoc
420 2263 679 2316 colloquium
699 2262 876 2303 abstulit
895 2275 1011 2315 spem
1032 2261 1267 2301 Hannibali
1294 2275 1369 2315 per
1388 2275 1484 2315 pro«

176 2321 385 2361 ditionem
417 2321 671 2374 recipiendae
710 2319 854 2368 Nolae3
905 2321 1050 2372 itaque
1091 2323 1241 2359 corona]
1280 2320 1484 2373 oppidum

176 2377 469 2427 circumdedit,
501 2381 551 2417 ut
586 2377 713 2417 simul
742 2377 796 2417 ab
830 2378 946 2417 omni
975 2379 1095 2430 parte
1123 2378 1282 2416 moenia.
1306 2377 1485 2429 adgred-

176 2439 331 2477 eretur.
392 2438 433 2476 4.
465 2435 598 2483 Quem
619 2438 669 2475 ut
689 2435 931 2475 successisse
956 2435 1088 2474 muris
1109 2433 1337 2474 Marcellus
1358 2434 1483 2481 vidit,
