1663 2718
156 140 208 179 ‘20
449 140 561 178 ΤΙΤΙ
598 140 738 177 LIVH
775 139 1168 177 HISTORIARUM

156 251 278 292 donis
303 250 521 291 Hannibal
540 250 714 290 domum
736 251 965 290 remiserat.
1024 250 1061 288 9.
1085 248 1149 289 Ob
1169 247 1204 300 ej
1213 261 1258 287 us
1279 249 1459 301 gratiam

157 310 302 349 meriti
332 321 421 347 rem
441 307 653 347 Nolanam
673 308 718 346 in
743 307 815 360 jus
837 308 1128 359 ditionemque
1149 306 1248 345 dare
1269 305 1461 346 voluerat

158 366 305 414 Poeno,
326 366 584 417 anxiumque
605 378 703 404 eum
725 369 768 404 et
798 365 1029 404 sollicitum
1057 368 1153 403 cur-51
1183 363 1366 402 novandi
1395 376 1461 402 res

157 426 313 475 praetor
334 421 543 462 cernebat.
608 425 672 462 10.
706 421 904 462 Ceterum
924 434 1056 474 quum
1077 424 1152 460 aut
1173 424 1297 473 poenz‘t
1318 420 1461 460 cohib-

158 480 290 520 endus
322 483 431 519 esset
465 483 540 519 aut
570 479 773 519 beneficio
809 479 1108 526 conciliandus,
1144 478 1223 517 sibi
1264 478 1462 530 adsump-

160 538 275 585 sisse,
296 539 425 590 quam
455 537 566 576 hosti
587 537 803 584 ademisse,
824 537 979 576 sortem
998 549 1046 575 ac
1068 541 1286 575 strenuum
1306 535 1462 574 maluit

159 596 334 642 socium,
356 595 624 646 accitumque
645 594 698 633 ad
729 608 770 633 se
798 594 980 646 benigne
1001 593 1212 645 appellat:
1249 594 1314 631 11.
1346 591 1481 631 Mul-'

159 655 225 692 tos
239 666 337 691 eum
358 652 523 691 invidos
544 652 655 690 inter
676 651 897 704 populares
918 651 1070 690 habere
1092 651 1190 689 inde
1213 649 1462 688 existimatu

160 709 287 749 facile
321 723 421 756 esse,
443 708 556 760 qued
585 722 708 747 nemo
740 709 843 747 civis
867 707 1056 746 Nolanus
1087 707 1167 746 sibi
1195 707 1462 754 indicaverit,

159 767 289 818 quam
328 766 465 804 multa
505 765 595 818 ejus
635 766 805 817 egregia
837 765 1021 803 facinora
1051 764 1257 803 militaria
1297 766 1462 809 essent3

164 825 230 862 12.
261 823 333 862 secl
363 823 438 875 qui
467 823 514 861 in
538 822 740 861 Romanis
767 822 1019 861 militaverit
1050 822 1208 868 castris9
1229 833 1315 860 non
1345 834 1463 873 posse

161 880 380 919 obscuram
420 879 512 932 ejus
547 881 752 919 virtutem
787 893 900 918 esse:
941 878 1098 918 multos
1135 879 1229 926 sibi,
1260 878 1335 930 qui
1366 891 1464 917 cum

160 951 209 977 eo
232 937 444 989 stipendia
465 937 658 984 fecerint,
678 937 847 984 referre,
867 937 942 989 qui
965 937 1029 975 vir
1050 939 1156 975 esset
1177 936 1264 984 ille,
1286 948 1464 988 quaeque

161 999 206 1034 et
245 995 440 1047 quotiens
480 994 667 1047 pericula
697 1008 770 1047 pro
812 994 945 1033 salute
986 1007 1034 1032 ac
1070 994 1283 1046 dignitate
1314 992 1464 1045 populi

161 1052 342 1091 Romani
394 1052 564 1101 adisset,
620 1055 684 1091 13.
729 1052 878 1104 utique
929 1051 1135 1091 Cannensi
1186 1050 1334 1103 proelio
1380 1063 1464 1089 non

160 1110 276 1162 prius
306 1114 448 1161 pugna
477 1109 704 1157 abstiterit,
744 1111 873 1161 quam
913 1122 1041 1161 prope
1083 1109 1303 1160 exsanguis
1342 1107 1464 1146 ruina-1

160 1167 570 1219 superincidentium
600 1167 801 1214 virorum,
829 1179 1047 1218 equorum,
1079 1178 1388 1216 armorumque,
1409 1165 1466 1203 sit

160 1237 391 1276 oppressus.
456 1226 521 1262 14.
554 1224 745 1276 “Itaque
776 1227 914 1262 macte
945 1224 1104 1262 virtute
1135 1221 1261 1269 esto,'’
1297 1222 1465 1274 inquit3

162 1281 318 1334 “apud
351 1295 420 1320 me
452 1281 535 1320 tibi
571 1282 708 1320 omnis
740 1281 871 1320 honos
910 1283 1039 1332 atque
1080 1293 1203 1319 omne
1243 1279 1466 1332 praemium

161 1339 257 1387 erit,
278 1342 322 1378 et
341 1352 425 1391 quo
447 1338 710 1391 frequentior
731 1352 898 1378 mecum
919 1338 1062 1385 fueris,
1084 1338 1241 1376 senties
1263 1350 1355 1376 eam
1377 1349 1466 1375 rem

161 1396 244 1435 tibi
280 1396 485 1449 dignitati
515 1400 644 1448 atque
676 1396 962 1435 emolumento
994 1394 1143 1434 esse:’'
1189 1396 1253 1434 15.
1286 1393 1467 1446 laetoque

155 1453 305 1506 juveni
333 1454 545 1506 promissis
567 1467 725 1505 equum
747 1454 955 1492 eximium
977 1453 1086 1492 dono
1109 1452 1194 1500 dat,
1217 1452 1468 1503 bigatosque

159 1511 415 1563 quingentos
464 1515 717 1563 quaestorem
767 1524 990 1550 numerare
1036 1510 1188 1562 jubet3
1247 1508 1469 1548 lictoribus

160 1569 357 1621 imperat,
380 1571 428 1608 ut
449 1581 548 1608 eum
570 1582 612 1607 se
634 1569 764 1617 adire,
787 1569 984 1621 quotiens
1006 1567 1125 1615 velit,
1148 1568 1381 1620 patiantur.

605 1808 871 1849 CHAPTER
913 1810 1032 1849 XVI.

160 1905 330 1937 Hannibal
346 1905 451 1936 leaves
470 1905 609 1936 Nuceria
625 1906 690 1936 and
706 1906 801 1942 again
815 1906 961 1937 mart-hes
979 1917 1019 1937 on
1037 1907 1131 1938 Nola.
1167 1907 1342 1938 Marcellus
1360 1911 1473 1937 retu-es

206 1949 318 1979 within
349 1947 404 1979 tho
428 1948 533 1978 Walls
564 1949 601 1979 of
620 1948 692 1979 that
724 1949 830 1979 Place.
875 1949 910 1980 Is
941 1949 1101 1980 informed
1125 1950 1167 1990 by
1194 1950 1248 1980 the
1271 1949 1360 1981 chief
1395 1949 1474 1980 Men

204 1991 277 2022 that
307 1995 342 2021 at
369 1991 475 2031 Night
497 1991 551 2022 the
576 1991 694 2032 Pcople
718 1992 830 2032 parley
855 1992 935 2023 with
961 1993 1018 2023 the
1043 1993 1300 2033 Carffiaginians,
1318 1991 1382 2023 and
1409 1992 1474 2023 had

204 2033 322 2073 agreed
337 2045 423 2074 upon
439 2033 553 2074 ajoint
569 2034 651 2065 Plan
669 2035 705 2066 of
718 2035 834 2066 Aetion
847 2035 926 2066 with
938 2035 1037 2066 them.
1073 2035 1241 2066 Hannibal
1254 2045 1406 2076 prepares
1424 2036 1475 2066 sor

205 2089 246 2108 an
269 2077 415 2108 Assault.
462 2077 640 2108 Marcellus
664 2078 774 2108 makes
799 2089 818 2108 a
843 2079 1020 2109 successful
1050 2078 1166 2115 Sortie,
1196 2078 1359 2117 inflicting
1382 2083 1475 2119 great

206 2120 484 2194 Slnugh‘t'eroupon
500 2120 554 2152 the
571 2121 704 2161 Enemy,
722 2121 787 2152 and
803 2121 960 2162 suffering
979 2121 1037 2152 but
1054 2121 1141 2153 little
1161 2120 1242 2153 Loss
1264 2132 1305 2153 on
1325 2122 1374 2152 his
1387 2121 1473 2152 side.

205 2174 310 2195 —13.e.
330 2167 362 2194 ..l
394 2188 401 2195 .

225 2250 261 2287 1.
295 2247 390 2287 Hic
431 2248 633 2288 comitate
674 2247 868 2288 Marcelli
911 2248 1060 2287 ferocis
1094 2248 1265 2301 juvenis
1306 2249 1474 2287 animus

165 2306 267 2345 adeo
324 2308 388 2344 est
437 2305 642 2353 mollitus,
695 2310 742 2344 ut
793 2319 917 2345 nemo
973 2306 1071 2345 inde
1122 2307 1329 2346 sociorum
1386 2319 1475 2345 rem

165 2364 401 2403 Romanam
432 2362 584 2402 fortius
619 2376 667 2402 ae
700 2363 866 2403 fidelius
896 2363 1074 2416 juverit,
1118 2367 1155 2403 2.
1188 2378 1319 2416 quum
1358 2363 1476 2403 Han-

167 2421 282 2459 nibal
316 2420 367 2459 ad
400 2423 541 2473 portas
563 2420 883 2460 esset—Nolam
916 2422 1032 2460 enim
1064 2435 1204 2461 rursus
1241 2435 1263 2460 a
1292 2421 1476 2460 Nuceria]
