1663 2718
463 143 631 182 LIBER
665 144 821 182 XXIII.
878 144 994 183 CAP.
1024 145 1074 183 V.
1396 148 1419 184 5

115 254 252 301 esset3
283 255 324 292 4.
349 252 443 306 jam
463 267 560 294 vero
597 253 708 294 nihil
743 255 789 294 in
810 258 959 294 senatu
979 256 1048 309 agi
1069 255 1210 303 aliter,
1230 269 1358 309 quam
1386 256 1420 295 si

114 309 251 363 plebis
286 310 349 350 ibi
382 314 490 351 esset
525 311 766 351 concilium.
827 312 965 352 Prona
998 326 1160 367 semper
1195 314 1345 353 civitas
1375 313 1420 353 in

114 366 329 407 luxuriam
363 380 448 408 non
487 369 758 421 ingeniorum
789 370 914 409 modo
955 371 1076 419 vitio,
1117 371 1188 410 sed
1228 369 1421 410 affluenti

115 425 238 477 copia
260 425 532 478 voluptatum
562 429 606 465 et
635 426 847 467 illecebris
869 428 1004 467 omnis
1033 429 1292 467 amoenitatis
1312 441 1425 467 mar-

115 482 252 523 itimae
283 483 592 535 terrestrisque,
627 485 666 523 5.
698 487 792 524 tum
833 498 931 524 vero
964 486 1026 524 ita
1067 485 1263 537 obsequio
1305 486 1422 537 prin-

116 539 261 592 cipum
281 542 327 579 et
361 539 537 580 licenti-52
566 540 706 593 plebei
727 541 932 591 lascivire,
954 546 1003 581 ut
1034 555 1111 582 nec
1142 542 1315 582 libidini
1345 555 1423 581 nec

116 597 356 650 sumptibus
388 597 536 638 modus
568 602 688 638 essct.
766 599 804 639 6.
837 600 901 638 Ad
938 603 1230 652 contemptum
1264 599 1422 652 legum,

115 655 458 707 magistratuum,
495 658 676 704 senat-sis,
696 657 867 696 accessit
899 660 1006 706 tum,
1029 662 1124 710 post
1164 656 1424 697 Cannensem

116 711 294 761 cladem,
330 717 392 760 ut,
426 713 545 765 cujus
580 713 724 766 aliqua
758 715 1012 754 verecundia
1048 717 1151 762 crat,
1183 714 1423 754 Romanum

115 782 283 822 quoque
319 775 564 822 spernerent
604 771 845 824 imperium.
929 774 966 812 7.
1000 772 1051 811 Id
1087 772 1211 811 modo
1248 775 1340 811 erat
1378 771 1423 809 in

115 831 245 875 mor-51,
266 840 319 866 ne
349 828 562 880 extemplo
583 828 824 877 deficerent,
853 829 965 881 quod
993 829 1252 868 connubium
1284 832 1426 867 vetus-

110 886 210 922 -tum
234 884 391 924 multas
422 885 606 924 familias
637 885 767 925 claras
787 899 834 924 ac
865 890 1059 938 potentes
1079 886 1281 925 Romanis
1301 886 1424 924 misc·

115 944 250 988 uerat,
297 943 336 980 8.
379 944 423 981 et
469 942 595 993 qubd,
636 955 769 994 quum
819 942 1058 982 militarent
1108 943 1273 994 aliquot
1312 942 1425 994 apud

115 997 339 1047 Romanos,
360 999 595 1038 maximum
628 999 849 1038 xinculum
881 1003 1002 1039 erant
1036 1000 1216 1038 trecenti
1249 1000 1426 1051 equites,

116 1055 405 1095 nobilissimus
435 1057 613 1108 quisque
636 1056 993 1109 Campanorum,
982 1070 1027 1095 111
1050 1070 1111 1109 pr
1101 1057 1243 1096 mma
1266 1055 1389 1096 Sicul·
1383 1069 1427 1094 ι-

115 1125 211 1151 rum
231 1113 404 1153 uibium
426 1113 582 1153 delecti
604 1114 657 1154 ab
678 1114 880 1153 Romanis
901 1128 949 1154 ac
971 1115 1101 1154 missi

596 1296 862 1338 CHAPTER
895 1297 944 1336 V.

116 1392 317 1434 Campanian
334 1392 572 1424 Ambassadors
588 1397 660 1423 sent
676 1398 709 1423 to
731 1392 784 1423 the
811 1393 937 1424 Roman
966 1393 1099 1429 Consul,
1126 1392 1202 1424 then
1226 1399 1258 1424 at
1276 1393 1427 1425 Venusia.

158 1436 224 1468 -His
239 1446 333 1477 sorry
349 1436 470 1475 Plight.
505 1436 555 1476 135
571 1446 612 1466 an
630 1434 803 1477 ill-judgml
821 1436 940 1476 Speech
955 1435 994 1467 he
1012 1437 1171 1468 increascs
1188 1436 1243 1467 the
1256 1436 1429 1478 Contempt

159 1479 332 1510 awakened
350 1479 382 1510 in
400 1479 456 1510 the
472 1478 827 1510 Ambassadors.—13.c.
846 1481 919 1510 216.

178 1567 215 1604 l.
247 1564 409 1604 HonmI
430 1566 625 1617 parentes
657 1565 912 1616 cognatique
942 1577 1051 1616 :egre
1074 1565 1357 1616 pervicerunt,
1380 1567 1429 1604 ut

116 1622 250 1675 legati
272 1622 326 1661 ad
346 1621 560 1661 consulem
575 1621 812 1661 Romanum
826 1623 1116 1661 mitterentur.
1179 1622 1217 1660 Ii
1239 1622 1428 1661 nondum

118 1679 347 1721 Canusium
369 1679 620 1732 profectum,
643 1679 714 1718 sed
736 1679 931 1719 Venusia}
954 1692 1050 1718 cum
1067 1679 1212 1731 paucis
1234 1693 1281 1718 ac
1303 1680 1429 1718 semi-

117 1737 303 1777 ermibus
339 1736 553 1776 consulem
582 1737 849 1783 invenerunt,
882 1738 1012 1788 quain
1044 1739 1210 1788 poterat
1242 1737 1427 1775 maxime

117 1794 405 1834 miserabilem
426 1794 548 1833 bonis
570 1794 706 1840 sociis,
729 1794 918 1846 superbis
949 1798 1077 1846 atque
1100 1793 1357 1841 infidelibus,
1379 1797 1428 1832 ut

117 1855 240 1892 erant
256 1851 474 1904 Campani,
492 1851 787 1904 spernendum.
833 1854 871 1890 2.
895 1851 950 1890 Et
964 1852 1085 1889 auxit
1101 1864 1242 1890 rerum
1259 1864 1428 1889 suarum

119 1911 267 1962 suique
304 1912 597 1961 contemptum
637 1908 783 1948 consul
823 1909 951 1947 nimis
992 1908 1228 1960 detegendo
1265 1907 1428 1947 cladem

118 1967 414 2019 nudandoque.
478 1969 515 2006 3.
545 1966 655 2005 Nam
674 1979 808 2019 quum
824 1965 954 2018 legati
978 1979 1087 2017 aegre
1104 1966 1211 2005 ferre
1233 1970 1428 2005 senatum

119 2024 409 2079 populumque
450 2023 712 2077 Campanum
763 2024 925 2063 adversi
961 2025 1189 2076 quicquam
1241 2023 1427 2062 evenisse

120 2083 322 2123 Romanis
349 2081 632 2130 nuntiassent,
665 2081 1050 2134 pollicerenturque
1073 2082 1229 2128 omnia,
1251 2093 1344 2133 quae
1375 2081 1428 2120 ad

120 2140 284 2181 bellum
297 2153 402 2193 opus
418 2143 569 2188 essent,
586 2142 626 2178 4.
645 2139 844 2178 “Morem
859 2138 1016 2191 magis'’
1031 2139 1173 2190 inquit
1191 2138 1429 2190 “loquendi

122 2211 219 2238 cum
239 2198 361 2238 sociis
382 2196 591 2245 servastis,
605 2196 824 2249 Campani,
839 2196 1040 2249 jubentes
1057 2209 1150 2248 quae
1167 2209 1270 2248 opus
1292 2198 1431 2234 essent

122 2256 176 2295 ad
197 2255 359 2296 bellum
380 2255 603 2308 imperare,
624 2256 753 2307 quam
787 2254 1084 2293 convenienter
1105 2253 1157 2293 ad
1180 2257 1430 2306 praesentem

122 2313 304 2354 fortunae
342 2316 496 2353 nostrae
531 2316 690 2352 statum
723 2311 890 2364 loquuti
924 2312 1036 2350 estis.
1100 2313 1138 2351 5.
1177 2311 1286 2358 Quid
1315 2311 1430 2350 enim

122 2371 245 2411 nobis
264 2371 317 2410 ad
332 2370 493 2412 Cannas
507 2369 706 2410 relictum
722 2375 800 2418 est,
817 2373 879 2417 ut,
895 2370 995 2422 quia
1009 2368 1173 2437 aliquid
1187 2368 1430 2415 habeamus,

123 2429 169 2468 id
190 2428 302 2482 quod
330 2428 447 2468 deest
468 2427 628 2481 expleri
657 2427 710 2466 ab
741 2427 862 2467 sociis
885 2426 1098 2467 xelimus?
1128 2427 1292 2480 pedites
1315 2425 1431 2465 xobia
