1663 2718
195 150 248 189 68
320 149 433 188 ΤΙΤΙ
469 149 609 187 LIVII
645 148 1043 188 HISTORIARUM
1079 148 1182 186 LIB.
1221 149 1380 187 XXIH.

195 260 250 301 ab
286 260 565 308 Hasdrubale,
597 273 645 299 ac
675 259 874 312 Magone,
906 262 951 299 et
985 259 1227 299 Hannibale
1260 259 1508 299 Bomilcaris

196 318 300 367 filio,
323 319 375 357 ob
396 317 678 357 defectionem
698 317 752 356 ad
772 317 982 356 Romanos
999 317 1333 369 oppugnabatur.
1377 317 1415 356 6.
1440 317 1510 355 In-

195 378 262 415 ter
283 376 372 415 haec
392 376 507 414 trina
528 377 663 414 castra
683 375 871 414 hostium
893 374 1122 427 Scipiones,
1144 388 1277 426 quum
1294 375 1339 412 in
1361 374 1509 413 urbem

198 434 408 473 sociorum
457 445 611 484 magno
662 433 893 471 certamine
934 445 983 471 ac
1024 437 1164 484 strage
1210 432 1510 470 obsistentium

196 491 499 544 pervenissent,
516 490 791 538 frumentum,
808 489 927 542 cujus
948 490 1093 542 inopia
1113 493 1217 537 erat,
1234 490 1509 535 advexerunt3

199 549 239 588 7.
282 548 576 599 cohortatique
618 547 862 599 oppidanos,
893 550 944 586 ut
983 547 1130 586 eodem
1170 548 1312 586 animo
1352 547 1511 585 moenia

196 608 454 653 tutarentur,
475 618 558 656 quo
579 618 654 657 pro
675 618 716 643 se
736 607 998 657 pugnantem
1019 604 1257 643 Romanum
1277 604 1510 643 exercitum

197 662 417 710 vidissent,
439 662 492 701 ad
523 666 658 701 castra
687 663 871 700 maxima
901 661 1196 713 oppugnanda,
1217 662 1372 713 quibus
1403 661 1512 699 Has-

199 719 349 759 drubal
381 723 573 771 praeerat,
604 719 776 757 ducunt.
839 721 878 757 8.
910 719 1072 757 Eodem
1104 722 1148 757 et
1183 719 1266 757 duo
1307 718 1432 757 duces
1469 724 1511 756 et

200 777 283 816 duo
306 777 515 815 exercitiis
547 776 977 827 Carthaginiensium,
1000 776 1061 814 ibi
1093 789 1180 814 rem
1202 789 1409 814 summam
1439 776 1510 827 agi

199 837 434 881 cernentes,
462 837 761 872 convenerunt.
825 834 862 872 9.
896 833 1046 885 Itaque
1068 834 1290 885 eruptione
1311 847 1333 872 e
1365 835 1512 872 castris

200 894 441 944 pugnatum
474 894 550 929 est.
612 890 841 941 Sexaginta
876 890 1065 929 hostium
1102 891 1240 930 millia
1276 904 1324 930 eo
1366 891 1434 930 die
1466 891 1511 929 in

200 952 345 1001 pugna
375 948 561 994 fuerunt,
593 948 776 987 sedecim
812 949 921 987 eirca
955 961 980 987 a
1010 948 1235 987 Romanis:
1272 951 1336 987 10.
1367 952 1511 987 tamen

200 1006 304 1044 adeo
327 1005 438 1044 haud
469 1005 598 1045 dubia
619 1006 797 1044 victoria
817 1005 913 1053 fuit,
936 1009 985 1044 ut
1016 1006 1155 1057 plures
1175 1019 1362 1054 numero,
1383 1019 1512 1058 quam

202 1064 286 1116 ipsi
319 1066 452 1111 erant,
486 1063 668 1102 Romani
703 1063 891 1102 hostium
932 1064 1176 1111 occiderint,
1228 1066 1291 1102 11.
1324 1065 1512 1116 ceperint

202 1120 386 1173 amplius
407 1122 491 1159 tria
521 1120 661 1160 millia
691 1121 928 1169 hominum,
951 1121 1076 1173 paulo
1108 1122 1249 1159 minsis
1271 1121 1390 1159 mille
1411 1134 1513 1172 equ-

202 1192 337 1225 orum,
358 1178 690 1230 undesexaginta
709 1178 916 1217 militaria
947 1179 1079 1229 signa,
1103 1182 1263 1230 septem
1294 1178 1514 1230 elephant-

202 1249 260 1282 os,
282 1236 470 1287 quinque
500 1236 545 1274 in
567 1235 717 1287 proelio
747 1237 917 1283 occisis3
949 1237 1156 1287 trinisque
1187 1249 1236 1275 eo
1268 1236 1337 1275 die
1369 1237 1514 1274 castris

201 1294 332 1346 potiti
354 1297 463 1332 sunt.
531 1295 595 1332 12.
628 1292 804 1345 Iliturgi
822 1293 1037 1332 obsidione
1062 1293 1168 1332 libel
1171 1298 1254 1341 ato,
1276 1293 1328 1332 ad
1344 1293 1513 1332 Intibili

202 1351 534 1416 oppugnandum
583 1350 736 1390 Punici
792 1352 1000 1390 exercitus
1059 1351 1258 1400 traducti,
1309 1351 1515 1404 suppletis

202 1409 335 1460 copiis
376 1422 427 1447 ex
466 1409 697 1460 provincia,
739 1411 788 1447 ut
827 1422 921 1460 que
956 1410 1140 1448 maxime
1177 1410 1369 1448 omnium
1410 1409 1513 1448 belli

202 1465 339 1514 avida,
361 1466 485 1504 modo
517 1466 658 1517 praeda
681 1470 755 1504 aut
785 1479 942 1505 merces
964 1472 1085 1514 esset,
1108 1480 1130 1504 e
1166 1472 1260 1505 tum
1284 1466 1515 1519 juventute

203 1523 460 1562 abundante.
526 1525 590 1563 13.
623 1523 789 1562 Iterum
819 1524 951 1575 signis
974 1524 1153 1571 collatis,
1176 1525 1324 1563 eadem
1346 1524 1516 1563 fortun-51

201 1581 423 1632 utriusque
463 1581 596 1633 partis
637 1584 887 1633 pugnatum.
969 1581 1102 1634 Supra
1145 1581 1348 1621 tredecim
1378 1581 1516 1620 millia

201 1638 390 1677 hostium
422 1651 538 1685 caesa,
567 1651 690 1691 supra
721 1638 802 1677 duo
834 1641 956 1691 capta
987 1652 1083 1678 cum
1115 1640 1247 1691 signis
1281 1639 1442 1679 duobus
1473 1644 1518 1678 et

202 1695 485 1747 quadraginta
507 1698 551 1734 et
566 1708 718 1735 novem
739 1695 989 1747 elephantis.
1049 1699 1113 1735 14.
1136 1697 1245 1735 Tum
1259 1710 1356 1736 vero
1374 1710 1517 1736 omnes

202 1754 331 1805 prope
352 1753 573 1806 Hispaniae
593 1752 742 1806 populi
763 1753 816 1792 ad
847 1753 1058 1792 Romanos
1080 1754 1340 1803 defecerunt,
1361 1754 1518 1793 multo-

200 1824 283 1862 que
305 1810 485 1863 majores
507 1814 554 1850 ea
576 1814 721 1850 aestate
742 1811 787 1850 in
819 1810 1042 1864 Hispania,
1064 1813 1191 1865 quam
1213 1812 1257 1852 in
1289 1811 1434 1860 Italia,
1454 1824 1520 1851 res

199 1870 343 1921 gestae.
