1663 2718
141 152 197 191 38
439 152 551 189 TITI
587 151 725 189 LIVII
761 149 1158 189 HISTORIARUM

143 262 300 302 endam
339 264 451 301 terra
489 262 693 314 marique,
733 275 781 300 ac
820 261 1038 309 tuendam,
1089 260 1342 312 Hispaniam
1392 263 1455 299 est

146 320 311 359 missus.
355 322 393 358 3.
426 318 521 367 Qui,
542 322 593 358 ut
612 319 825 371 pedestres
837 318 1089 370 navalesque
1110 318 1251 370 copias
1271 316 1455 369 trajecit,

149 377 294 416 eastris
315 377 602 424 communitis,
622 376 881 428 navibusque
915 375 1132 415 subductis
1154 378 1198 414 et
1217 374 1329 413 vallo
1351 375 1456 413 circ-

148 433 350 482 umdatis,
373 447 470 472 cum
491 433 705 486 equitibus
728 434 901 473 delectis
922 434 1024 486 ipse,
1041 434 1250 485 quantirm
1269 432 1454 470 maxime

145 490 380 530 accelerare
400 493 579 543 poterat,
596 504 670 543 per
691 491 839 530 dubios
860 491 1117 542 infestosque
1138 489 1314 542 populos
1329 489 1455 541 juxta

147 549 340 587 intentus
354 548 407 587 ad
423 548 729 587 Hasdrubalem
744 548 948 600 pervenit.
970 550 1010 587 4.
1029 547 1168 594 Quum
1181 547 1349 586 decreta
1362 559 1453 585 sen-

146 608 244 645 atfis
263 606 545 657 mandataque
566 606 822 657 exposuisset
837 608 963 657 atque
980 605 1151 644 edoctus
1167 608 1273 643 esset
1289 605 1377 656 ipse
1390 605 1456 642 in-

151 663 302 710 vicem,
323 676 450 715 quem
464 663 517 701 ad
530 663 703 701 modum
719 663 987 701 tractandum
1000 661 1160 701 bellum
1181 662 1227 700 in
1248 661 1457 713 Hispania

148 720 274 767 foret,
291 723 402 759 retro
423 720 469 758 in
491 733 565 758 sua
585 722 717 758 castra
739 720 868 758 rediit
887 719 1005 758 nulla
1024 732 1070 757 re
1090 731 1217 770 quam
1238 718 1455 757 celeritate

148 777 298 823 tutior,
326 776 440 828 qubd
471 777 659 828 undique
691 777 866 825 abierat,
897 780 1123 827 antequam
1158 775 1454 814 consentirent.

152 835 192 873 5.
225 832 466 873 Hasdrubal
490 834 732 886 priusquam
762 836 951 872 moveret
980 835 1127 881 castra,
1149 833 1346 886 pecunias
1376 833 1457 871 im-

149 894 272 943 perat
290 890 458 943 populis
479 891 672 930 omnibus
693 904 776 931 suae
796 891 985 939 ditionis,
1006 891 1106 930 satis
1119 903 1271 943 gnarus
1291 890 1458 929 Hanni*

151 948 291 988 balem
304 949 507 988 transitus
523 948 723 1000 quosdam
736 949 873 1001 pretio
887 951 1133 996 mercatum,
1149 948 1187 987 6.
1209 961 1285 987 nec
1299 947 1457 986 auxilia

151 1005 320 1045 Gallica
340 1005 466 1045 aliter
487 1019 614 1058 quam
636 1006 842 1045 conducta
862 1006 1070 1053 habuisse,
1091 1006 1263 1057 inopem
1285 1008 1456 1044 tantum

150 1064 235 1102 iter
254 1064 490 1116 ingressum
510 1064 583 1102 vix
602 1066 920 1116 penetratmum
941 1064 993 1103 ad
1015 1063 1142 1115 Alpes
1163 1063 1300 1101 fuisse.
1352 1062 1457 1101 Pec-

152 1121 264 1160 uniis
285 1122 420 1173 igitur
439 1122 598 1174 raptim
614 1121 771 1160 exactis
791 1121 843 1160 ad
860 1121 1032 1160 Iberum
1054 1120 1282 1159 descendit.

211 1178 250 1218 7.
283 1178 463 1217 Decreta
508 1177 924 1230 Carthaginiensium
966 1182 1010 1216 et
1049 1176 1328 1216 Hasdrubalis
1372 1177 1457 1216 iter

152 1236 227 1275 ubi
260 1235 314 1275 ad
343 1235 552 1274 Romanos
583 1240 682 1274 sunt
702 1235 878 1288 perlata,
900 1235 1096 1274 omnibus
1127 1235 1289 1273 omissis
1319 1234 1456 1282 rebus,

148 1293 275 1332 ambo
305 1293 430 1332 duces
464 1293 627 1345 junctis
662 1294 794 1345 copiis
829 1294 890 1332 ire
926 1293 1094 1332 obviam
1139 1292 1289 1344 coeptis
1328 1296 1457 1343 atque

152 1350 354 1390 obsistere
375 1354 540 1403 parant,
575 1353 614 1390 8.
645 1352 742 1397 rati,
765 1352 799 1390 si
835 1350 1084 1398 Hannibali,
1105 1350 1177 1388 vix
1197 1364 1272 1402 per
1302 1363 1344 1388 se
1373 1350 1457 1401 ipsi

150 1408 370 1448 tolerando
401 1407 540 1447 Italiae
569 1408 695 1456 hosti,
724 1408 964 1447 Hasdrubal
999 1408 1084 1447 dux
1114 1410 1241 1459 atque
1272 1407 1457 1459 Hispan-

150 1466 279 1505 iensis
320 1466 528 1505 exercitus
569 1468 678 1505 esset
711 1465 900 1518 junctus,
939 1465 1065 1504 illum
1107 1465 1236 1503 finem
1275 1464 1457 1503 Romani

152 1523 324 1576 imperii
365 1523 466 1562 fore.
547 1523 587 1562 9.
630 1523 711 1562 His
752 1524 868 1562 anxii
909 1523 1019 1562 curis
1060 1522 1112 1562 ad
1153 1523 1324 1562 Iberum
1361 1533 1458 1561 con-

149 1581 328 1620 trahunt
348 1582 502 1633 copias,
524 1583 581 1629 et,
602 1581 782 1620 transito
803 1594 940 1629 amne,
962 1594 1095 1633 quum
1125 1580 1201 1619 diu
1228 1579 1458 1619 consultas-

149 1641 258 1686 sent,
279 1641 426 1677 utrum
447 1640 583 1677 castra
609 1638 754 1677 castris
782 1638 1033 1687 conferrent,
1055 1651 1107 1677 an
1129 1638 1230 1677 satis
1253 1637 1458 1677 haberent

151 1696 275 1734 sociis
298 1695 713 1747 Carthaginiensium
735 1696 1029 1748 oppugnandis
1050 1696 1205 1735 morari
1227 1694 1279 1735 ab
1301 1695 1456 1734 itinere

151 1753 365 1806 proposito
405 1753 584 1801 hostem,
639 1756 704 1792 10.
746 1753 895 1792 urbem
935 1766 960 1792 a
1004 1754 1240 1806 propinquo
1280 1751 1456 1791 flumine

150 1810 321 1850 Iberam
362 1810 634 1863 appellatam,
686 1810 1054 1863 opulentissimam
1104 1814 1153 1850 eii
1202 1813 1457 1862 tempestate

153 1868 337 1921 regionis
359 1868 461 1919 ejus,
484 1881 728 1921 oppugnare
750 1871 914 1921 parant.
980 1870 1045 1907 11.
1081 1868 1201 1915 Quod
1228 1867 1305 1907 ubi
1327 1868 1457 1907 sensit

149 1925 405 1974 Hasdrubal,
437 1939 511 1978 pro
545 1939 622 1978 ope
654 1926 826 1965 ferend-51
858 1927 980 1966 sociis
1015 1926 1157 1979 pergit
1187 1926 1249 1965 ire
1284 1926 1374 1978 ipse
1405 1925 1458 1964 ad

150 1982 313 2031 urbem,
335 1982 525 2022 deditam
545 1996 681 2035 nuper
709 1984 754 2022 in
785 1983 913 2023 fidem
943 1983 1243 2032 Romanorum,
1266 1995 1458 2035 oppugn-

149 2040 317 2080 andam.
383 2042 449 2079 12.
472 2040 541 2079 Ita
556 2040 649 2093 jam
671 2044 809 2094 coepta
823 2040 986 2080 obsidio
1009 2041 1161 2080 omissa
1181 2040 1235 2080 ab
1256 2040 1457 2079 Romanis

150 2100 227 2147 est,
250 2100 294 2138 et
314 2098 360 2137 in
380 2097 521 2151 ipsum
542 2097 852 2138 Hasdrubalem
870 2111 1037 2138 versum
1057 2097 1233 2138 bellum.
