1663 2718
178 156 203 161 -
475 145 644 184 LIBER
677 146 836 184 XXIII.
893 146 1010 186 CAP.
1043 148 1159 186 XIX.
1419 151 1469 191 27

159 258 206 296 et
219 256 540 309 perveniebant3
555 269 604 296 eo
618 256 828 296 custodias
841 256 1029 297 hostium
1042 257 1260 298 fallebant.
1297 261 1362 299 11.
1384 259 1471 299 Im-

159 313 306 354 bribus
326 313 481 354 deinde
502 314 714 353 continuis
735 314 906 354 citatior
927 315 1051 355 solito
1082 316 1218 356 amnis
1238 319 1471 357 transverso

161 371 321 410 vortice
342 370 457 411 dolia
475 371 653 424 impulit
682 371 735 410 ad
756 371 906 424 ripam,
928 385 1056 424 quam
1077 373 1216 413 hostes
1237 374 1470 414 servabant.

162 428 231 468 Ibi
251 428 457 469 haerentia
486 428 600 467 inter
639 428 794 468 obnata
825 429 929 482 ripis
962 429 1110 469 salicta
1141 432 1471 483 conspiciuntur,

161 486 492 538 nuntiatumque
542 485 779 525 Hannibali
830 489 922 534 est3
964 490 1008 526 et
1047 487 1199 526 deinde
1240 488 1471 528 intentiore

162 543 352 582 custodia
386 547 572 590 cautum,
593 556 646 582 ne
678 543 782 595 quid
815 543 982 584 falleret
1002 544 1210 583 Volturno
1241 545 1294 584 ad
1324 545 1473 585 urbem

161 601 350 640 missum.
415 602 480 640 12.
512 600 649 640 Nuces
681 604 826 640 tamen
858 601 961 641 fusae
991 601 1045 640 ab
1081 601 1281 641 Romanis
1312 604 1471 651 castris,

161 670 295 711 quum
330 657 470 698 medio
502 658 618 697 amni
648 657 702 697 ad
743 657 975 698 Casilinum
1009 658 1256 708 defluerent,
1288 661 1471 699 cratibus

163 715 494 768 excipiebantur.
551 718 615 755 13.
647 715 866 755 Postremo
889 716 942 755 ad
963 716 1007 756 id
1028 719 1206 756 ventum
1227 718 1380 770 inopiae
1394 720 1471 765 est,

162 775 214 813 ut
242 772 332 813 lora
363 772 655 825 detractasque
687 773 815 813 scutis
845 773 989 826 pelles,
1022 774 1096 813 ubi
1129 774 1290 814 fervida
1311 774 1472 814 mollis—

163 833 258 870 sent
289 834 411 883 aqufi,
444 830 643 870 mandere
679 834 957 878 conarentur3
1003 844 1078 870 nec
1112 832 1303 871 muribus
1335 831 1470 872 aliove

138 887 340 927 animali
381 887 657 934 abstinerent,
693 891 737 927 et
770 900 892 927 omne
933 888 1156 927 herbarum
1197 889 1471 941 radicumque

162 957 296 998 genus
327 945 552 998 aggeribus
572 944 730 984 infimis
751 946 863 984 muri
891 948 1098 985 eruerent.
1163 948 1228 985 14.
1261 946 1319 985 Et
1338 960 1472 998 quum

163 1002 302 1042 hostes
323 1002 564 1042 obarassent
577 1002 787 1054 quidquid
799 1002 966 1041 herbidi
982 1003 1140 1042 terreni
1163 1007 1281 1042 extra
1302 1017 1472 1042 murum

163 1062 268 1108 erat,
299 1073 497 1113 raporum
529 1072 671 1099 semen
704 1059 958 1112 injecerunt,
979 1063 1030 1099 ut
1060 1060 1278 1099 Hannibal
1315 1061 1472 1100 “Eone

162 1130 309 1170 usque,
329 1118 433 1157 dum
454 1130 502 1157 ea
517 1119 757 1166 nascantur,
779 1117 831 1156 ad
854 1117 1086 1157 Casilinum
1108 1131 1290 1157 sessurus
1311 1131 1403 1157 sum
1420 1117 1471 1158 ?”

163 1174 452 1222 exclamaret3
507 1176 572 1215 15.
625 1177 669 1214 et
717 1175 792 1227 qui
844 1174 1007 1214 nullam
1057 1177 1182 1214 antea
1232 1176 1472 1228 pactionem

162 1232 336 1272 auribus
368 1232 609 1279 admiserat,
631 1235 725 1271 tum
748 1232 916 1271 demum
948 1233 1018 1285 agi
1061 1246 1199 1272 secum
1231 1236 1294 1272 est
1329 1246 1472 1285 passus

163 1290 215 1330 de
256 1290 545 1343 redemptione
586 1289 815 1329 liberorum
851 1290 1054 1342 capitum.
1132 1290 1196 1329 16.
1241 1290 1472 1342 Septunces

163 1348 256 1387 auri
287 1348 333 1387 in
357 1347 547 1400 singulos
578 1347 766 1399 pretium
797 1347 1006 1386 convenit.
1068 1347 1174 1386 Fide
1195 1351 1367 1400 accepta
1387 1351 1473 1387 tra-

164 1405 363 1444 diderunt
384 1418 482 1444 sese.
543 1403 686 1444 Donec
717 1417 838 1443 omne
870 1417 1020 1443 aurum
1041 1404 1302 1457 persolutum
1329 1407 1406 1452 est,
1427 1405 1472 1443 in

163 1461 344 1502 vinculis
364 1462 529 1511 habiti;
565 1464 659 1501 tum
681 1462 843 1501 remissi
865 1466 1027 1501 summa
1048 1475 1144 1501 cum
1166 1461 1260 1501 fide.
1326 1463 1390 1502 17.
1423 1462 1473 1501 Id

163 1521 301 1560 verius
322 1521 398 1570 est,
412 1521 541 1572 quam
560 1519 614 1559 ab
628 1520 771 1572 equite
793 1519 837 1558 in
853 1519 1055 1559 abeuntes
1076 1519 1264 1559 immisso
1281 1519 1474 1559 interfec-

164 1581 242 1618 tos.
304 1577 556 1618 Praenestini
587 1578 775 1616 maxima
808 1590 902 1630 pars
935 1577 1063 1616 fuere.
1126 1577 1190 1616 Ex
1227 1577 1474 1629 quingentis

164 1636 450 1689 septuaginta,
471 1635 547 1687 qui
576 1635 622 1674 in
642 1635 836 1688 praesidio
867 1634 1052 1683 fuerunt,
1073 1635 1215 1674 minus
1245 1634 1474 1674 dimidium

163 1693 322 1733 ferrum
344 1693 558 1745 famesque
578 1692 837 1745 absumpsit3
859 1692 990 1731 ceteri
1007 1691 1240 1731 incolumes
1262 1692 1473 1731 Praeneste

165 1764 263 1791 cum
297 1753 476 1804 praetore
509 1763 584 1789 suo
612 1749 674 1788 M.
697 1749 1043 1788 Anicio—scriba
1074 1749 1110 1787 is
1131 1751 1257 1788 antea
1277 1749 1474 1788 fuerat-—

164 1809 394 1849 redierunt.
459 1810 524 1847 18.
557 1807 710 1847 Statua
746 1806 835 1859 ejus
870 1806 1029 1846 indicio
1063 1806 1162 1855 fuit,
1184 1806 1396 1846 Praeneste
1427 1807 1474 1845 in

164 1866 254 1906 foro
275 1868 451 1914 statuta,
472 1864 662 1912 loricata,
685 1865 843 1904 amicta
862 1867 975 1917 toga,
992 1863 1131 1903 velato
1154 1865 1293 1916 capite
1305 1862 1369 1918 [et
1389 1865 1474 1903 tria

164 1921 307 1978 signa]
330 1935 427 1963 cum
448 1921 579 1962 titulo
609 1921 762 1962 lamnae
794 1934 918 1961 aeneae
949 1921 1168 1974 inscripto,
1190 1921 1250 1960 M.
1274 1921 1473 1961 Anicium

163 1995 239 2035 pro
269 1979 496 2027 militibus,
517 1979 591 2032 qui
613 1979 789 2020 Casilini
822 1980 867 2018 in
900 1978 1095 2032 praesidio
1130 1979 1306 2027 fuerint,
1327 1981 1474 2018 votum

120 2034 122 2036 ’
163 2038 346 2079 solvisse.
407 2037 530 2078 Idem
560 2036 716 2077 titulus
750 2036 887 2078 tribus
923 2037 1054 2090 signis
1086 2036 1134 2077 in
1155 2036 1242 2077 aede
1274 2036 1473 2076 Fortunae

162 2097 312 2151 positis
331 2095 417 2136 fuit
436 2094 662 2149 subjectus.
