1663 2718
465 138 632 176 LIBER
665 136 823 174 XXIII.
879 137 996 175 CAP.
1026 135 1141 174 XIV.
1406 129 1452 166 17

152 249 285 289 habeo
319 249 425 302 quid
456 248 677 288 sententiae
711 247 878 287 dicam:
921 247 955 286 si
992 246 1043 286 de
1076 246 1154 294 his,
1190 259 1283 298 quae
1324 245 1451 298 Mage

151 305 352 359 postulat,
372 305 552 354 refertis,
572 318 648 344 nec
667 304 897 344 victoribus
926 305 1046 343 mitti
1067 305 1248 343 attinere
1269 306 1388 356 puto,
1409 307 1455 342 et

150 363 450 403 frustrantibus
481 375 556 402 nos
586 361 690 401 falsa
722 365 849 413 atque
885 362 1002 400 inani
1033 375 1103 413 spe
1135 360 1272 400 multo
1313 361 1455 399 minus

151 433 297 460 censeo
331 420 543 459 mittenda
578 418 701 459 esse.’'
762 420 800 458 6.
833 418 960 458 Haud
992 418 1149 457 multos
1180 419 1314 457 movit
1335 418 1454 457 Hau-

151 478 272 517 nonis
312 478 460 526 oratio,
492 490 591 516 nam
631 479 676 516 et:
710 475 903 515 simultas
943 489 1038 515 cum
1072 475 1237 514 famili-a
1276 475 1454 514 Barcina

151 534 352 574 leviorem
372 537 587 574 auctorem
607 533 802 582 faciebat,
824 536 868 572 et
889 533 1081 585 occupati
1102 533 1234 571 animi
1257 533 1452 584 praesenti

150 591 303 632 laetitia
322 591 448 639 nihil,
467 605 550 644 quo
571 592 719 630 vanius
740 590 859 630 fieret
889 590 1093 643 gaudium
1124 603 1260 636 suum,
1282 589 1454 628 auribus

148 649 460 697 admittebant3
482 648 824 700 debellatumque
840 661 937 686 mox
950 647 1050 696 fore,
1067 648 1102 686 si
1123 647 1260 686 adniti
1278 646 1450 699 paulum

149 706 393 755 voluissent,
423 706 637 746 rebantur.
699 709 738 746 7.
780 705 932 757 Itaque
964 706 1131 758 ingenti
1166 717 1367 743 consensu
1403 703 1455 742 fit.

148 765 318 803 senatus
345 763 600 811 consultum,
627 766 676 802 ut,
707 762 941 802 Hannibali
967 765 1169 814 quattuor
1199 761 1336 800 millia
1363 761 1453 800 Nu·

147 821 360 860 midarum
380 822 426 860 iu
448 820 793 873 supplementum
815 821 1100 867 mitterentur,
1114 823 1157 858 et
1172 819 1454 871 quadraginta.

133 877 365 929 elephanti
402 882 446 917 et
485 878 650 930 argenti
682 878 845 917 talenta
867 877 939 924 *³¹⁵3
986 880 1024 916 8.
1057 877 1322 928 dictatorque
1355 889 1452 914 cum

145 933 330 986 Magone
363 935 408 973 in
445 935 697 987 Hispaniam
729 935 966 987 praemissus
997 938 1060 973 est,
1099 934 1151 972 ad
1185 933 1455 972 conducenda

145 992 304 1043 viginti
324 991 463 1030 millia
479 992 687 1044 peditum,
703 995 906 1043 quattuor
922 992 1129 1043 equitum,
1146 990 1299 1042 quibus
1315 1003 1455 1028 exerc-

145 1049 247 1096 itas,
275 1050 349 1101 qui
381 1050 426 1088 in
458 1048 586 1088 Italia
607 1049 765 1101 quique
797 1049 842 1087 in
872 1048 1079 1100 Hispani-It
1110 1053 1243 1094 erant,
1266 1046 1454 1099 suppler-

145 1108 283 1145 entur.

591 1267 856 1307 CHAPTER
888 1267 1005 1306 XIV.

146 1353 307 1393 vigorous
323 1353 441 1384 Action
459 1353 495 1384 of
508 1354 562 1384 the
579 1353 701 1385 Consul
717 1358 749 1384 nt
765 1354 876 1384 Romo.
912 1354 979 1385 Tho
997 1354 1154 1389 Dictator,
1171 1354 1217 1384 M.
1233 1353 1350 1384 Jnnius
1362 1354 1453 1389 Pom,

189 1397 344 1428 liberates
367 1396 431 1427 and
454 1407 541 1428 arms
565 1397 615 1427 six
638 1397 802 1427 thousand
826 1397 1001 1428 Criminals
1023 1398 1088 1428 and
1108 1397 1255 1428 1›·-1·t‹,rs.
1303 1397 1374 1427 8015
1397 1405 1454 1428 out

189 1439 272 1470 from
286 1438 388 1470 Rome
408 1439 485 1469 with
507 1450 549 1470 an
573 1441 675 1480 Army
695 1441 730 1470 of
744 1441 942 1478 twenty-five
961 1440 1123 1471 thousand
1140 1441 1227 1471 Men.
1275 1440 1454 1476 Hannibal,

189 1482 273 1513 after
282 1482 394 1523 vainly
404 1483 600 1523 attempting
613 1486 646 1513 to
661 1482 735 1523 gain
753 1493 828 1513 over
844 1483 898 1513 the
913 1483 1030 1523 Pcople
1041 1484 1077 1513 os
1090 1483 1221 1523 Naplos.
1239 1482 1391 1513 conducts
1403 1482 1454 1514 his

189 1528 293 1566 Army
316 1525 385 1556 into
408 1525 462 1556 the
491 1525 659 1566 Territory
675 1526 712 1556 of
735 1525 829 1557 Nola.
875 1526 943 1557 The
969 1528 1084 1557 Senatu
1111 1527 1146 1556 of
1172 1526 1256 1556 Nola
1279 1526 1347 1556 sid(-
1372 1526 1450 1556 with

189 1568 301 1603 Rome.
328 1568 385 1599 the
410 1568 529 1609 People
545 1569 620 1598 with
646 1568 825 1599 Hannibal.
871 1569 940 1599 The
966 1569 1090 1600 Roman
1119 1570 1252 1601 Praetor.
1278 1569 1454 1599 Mam-llus

190 1611 358 1686 ξΙέυὲᾆίῙὶιὲε,
384 1611 572 1642 summoned
598 1617 632 1642 to
658 1611 713 1642 the
738 1612 802 1642 Aid
815 1612 851 1642 of
877 1612 969 1643 Nola.
1015 1614 1147 1643 Arrives
1171 1618 1205 1643 nt
1233 1613 1301 1642 that
1324 1613 1455 1653 (luy.—

209 1728 245 1766 1.
278 1725 477 1767 CETERUM
498 1726 600 1775 haec,
622 1729 672 1766 ut
693 1727 736 1765 in
756 1727 947 1766 secundis
966 1727 1100 1774 rebus,
1119 1729 1304 1779 segniter
1326 1729 1454 1767 otios-

149 1797 254 1836 eque
269 1787 387 1836 gesta
405 1798 414 1823 :
446 1783 657 1823 Romanos
674 1788 824 1836 praeter
846 1785 1019 1823 insitam
1042 1785 1294 1823 industriam
1316 1786 1453 1824 anim-

147 1842 182 1879 is
203 1841 373 1880 fort-una
392 1841 523 1880 etiam
545 1842 734 1880 cunctari
755 1841 1019 1894 prohibebat.
1080 1842 1118 1880 N
1123 1856 1190 1880 am
1212 1856 1287 1881 nee
1309 1843 1453 1881 consul

149 1897 227 1937 ulli
263 1898 338 1947 rei,
382 1900 420 1937 2.
452 1911 546 1950 quae
578 1912 652 1951 per
692 1912 788 1938 eum
828 1899 991 1952 agenda
1026 1904 1147 1947 esset,
1189 1900 1330 1938 deerat
1349 1914 1358 1946 ;
1409 1907 1453 1939 et,

148 1955 343 2004 dictator,
357 1955 418 1994 M.
433 1955 461 1995 J
464 1956 588 1995 unius
602 1956 722 2003 Pera,
743 1956 867 1995 rebus
884 1956 1039 1995 divinis
1056 1957 1252 2009 perfectis
1269 1957 1453 2009 latoque,

147 2016 197 2051 ut
216 2011 336 2060 solet,
357 2013 409 2052 ad
439 2012 659 2066 populum,
680 2017 730 2052 ut
751 2027 906 2066 equum
927 2014 1143 2053 escendere
1165 2013 1326 2062 liceret,
1348 2028 1454 2066 prae-

149 2074 212 2109 ter
246 2070 348 2110 duas
380 2070 561 2110 urbanas
594 2070 794 2123 legiones,
816 2085 910 2124 quae
942 2072 1152 2124 principio
1184 2072 1283 2110 anni
1309 2085 1333 2110 a
1355 2084 1453 2110 con-

147 2127 309 2167 sulibus
348 2128 595 2181 conscriptae
625 2129 806 2177 fuerant,
839 2131 877 2168 3.
908 2134 952 2167 et
994 2142 1205 2168 servorum
1247 2129 1453 2168 dilectum

147 2183 421 2238 cohortesque
460 2199 508 2225 ex
549 2199 649 2239 agro
689 2186 844 2225 Piceno
885 2190 927 2225 et
959 2185 1123 2225 Gallico
1157 2186 1365 2233 collectas,
1399 2186 1452 2225 ad

148 2242 350 2282 ultimum
379 2256 510 2296 prope
541 2243 770 2296 desperatae
802 2243 1046 2296 reipublicae
1076 2243 1299 2290 auxilium,
1320 2257 1452 2296 quum

148 2300 325 2340 honesta
346 2300 526 2340 utilibus
547 2301 718 2348 cedunt,
734 2301 963 2349 descendit,
980 2301 1210 2353 edixitque,
1227 2302 1301 2353 qui
1319 2302 1454 2354 capit-

148 2357 260 2396 alem
280 2357 470 2397 fraudem
490 2359 581 2397 ausi
603 2359 763 2411 quique
784 2359 973 2411 pecuniae
991 2358 1174 2410 judicati
1207 2360 1251 2397 in
1273 2358 1453 2398 vinculis

149 2418 298 2463 essent,
319 2415 392 2467 qui
415 2429 561 2455 eorum
581 2415 693 2468 apud
714 2429 757 2455 se
778 2415 936 2455 milites
959 2415 1120 2464 fierent,
1142 2430 1210 2456 eos
1232 2420 1337 2455 nox-52
1360 2429 1452 2468 pec·
