1663 2718
489 144 656 182 MBER
692 138 848 181 XXIII.
907 143 1023 181 CAP.
1053 144 1185 181 XXX.
1436 147 1483 183 41

185 267 282 307 que,
295 255 506 308 postremo
528 255 652 294 coriis
672 253 894 306 herbisque
911 257 955 294 et
976 254 1186 294 radicibus
1200 257 1243 293 ct
1260 257 1488 296 corticibus

185 313 342 352 teneris
377 313 619 364 strictisque
658 311 772 350 foliis
808 312 975 359 vixere3
1020 314 1060 351 4.
1097 325 1172 351 nec
1212 313 1324 361 ante,
1357 316 1485 366 quam

184 370 294 409 vires
314 369 368 409 ad
400 369 598 409 standum
628 369 674 408 in
702 369 833 407 muris
865 368 1117 421 ferendaque
1151 383 1266 408 arma
1296 370 1484 419 deerant,

182 427 415 479 expugnati
445 430 556 466 sunt.
618 428 657 466 5.
688 425 875 478 Recepta
906 425 1084 473 Petelia,
1107 426 1260 466 Poenus
1291 428 1343 466 ad
1377 428 1485 468 Con-

183 484 366 523 sentiam
416 484 557 536 copias
597 483 798 531 traducit,
840 496 981 535 quam,
1027 484 1168 522 minus
1208 485 1484 536 pertinaciter

183 540 412 590 defensam,
445 541 560 580 intra
600 553 753 593 paucos
793 540 882 579 dies
922 541 965 579 in
1002 541 1263 580 deditionem
1303 543 1481 594 accepit.

183 598 222 638 6.
245 597 403 637 Iisdem
434 598 566 638 ferme
596 598 742 638 diebus
773 601 817 637 et
846 598 1111 637 Bruttiorum
1143 599 1348 638 exercitus
1385 599 1484 639 Cro-

181 659 340 704 tonem,
363 655 554 696 Graecam
584 654 746 704 urbem,
768 656 1050 703 circumsedit,
1073 655 1318 708 opulentam
1349 670 1483 708 quon-

181 713 278 751 dam
309 714 437 752 armis
467 713 665 765 virisque,
685 715 778 752 tum
804 712 896 765 jam
925 713 1028 752 adeo
1056 713 1203 752 multis
1233 715 1480 766 magnisque

180 769 370 810 cladibus
399 769 616 817 afflictam,
636 774 686 809 ut
718 771 853 809 omnis
887 771 1025 810 aetatis
1057 771 1198 809 minus
1229 771 1311 810 duo
1342 771 1481 811 millia

180 827 340 866 civium
372 831 646 880 superessent.
709 827 747 868 7.
795 828 945 880 Itaque
987 827 1088 866 urbe
1131 841 1154 866 a
1194 828 1483 868 defensoribus

163 889 295 923 'vasta
316 885 439 924 facile
456 886 586 937 potiti
616 885 756 924 hostes
777 890 901 931 sunt,
932 899 1005 924 arx
1036 889 1202 924 tantum
1235 890 1413 933 retenta,
1436 886 1480 924 iu

176 954 303 993 quam
324 942 437 981 inter
451 941 685 981 tumultum
707 946 839 994 captae
852 942 1001 981 urbisc
1016 942 1155 981 medi-si
1176 942 1286 981 caede
1307 943 1481 994 quidam

177 998 376 1051 effugere.
439 1001 477 1038 8.
511 999 568 1037 Et
589 999 813 1038 Locrenses
835 999 1045 1038 descivere
1067 999 1119 1038 ad
1142 999 1333 1038 Bruttios
1355 999 1482 1038 Poen-

176 1069 317 1108 osque,
348 1056 516 1109 prodita
547 1056 865 1095 multitudinea
886 1056 1160 1109 principibus.
1224 1058 1261 1095 9.
1295 1056 1479 1109 Rhegini

175 1113 470 1152 tantummodo
491 1114 675 1165 regionis
697 1113 786 1166 ejus
816 1118 859 1152 et
888 1115 933 1152 in
963 1113 1044 1152 fide
1066 1126 1165 1166 erga.
1196 1113 1405 1153 Romanos
1436 1119 1481 1153 et

174 1171 398 1223 potestatis
419 1184 502 1210 suae
518 1171 571 1210 ad
592 1171 796 1210 ultimum
812 1174 1067 1210 manserunt..

237 1230 301 1267 10.
334 1228 386 1267 In
417 1227 610 1268 Siciliam
631 1241 796 1280 quoque
818 1228 965 1267 eadem
995 1228 1217 1267 inclinatio
1240 1229 1477 1267 animorum

173 1286 382 1337 pervenit,
414 1289 458 1324 et
492 1298 545 1324 ne.
576 1285 723 1324 domus
758 1285 929 1337 quidem
962 1286 1160 1325 Hieronis
1200 1289 1290 1324 tota
1321 1286 1373 1325 ab
1406 1286 1478 1325 dc-

171 1343 356 1381 fectione
378 1342 600 1382 abstinuit.
659 1345 723 1382 11.
746 1343 938 1395 Namque
957 1343 1078 1391 Gelo,
1095 1344 1302 1381 maximus
1319 1344 1478 1395 stirpis,

171 1403 417 1452 contempta
436 1399 564 1439 simul
592 1403 808 1439 senectute
831 1401 976 1452 patris.
1004 1400 1130 1439 simul
1161 1404 1255 1452 post
1286 1400 1478 1439 Cannen-

172 1470 261 1496 sem
306 1457 470 1497 cladem
520 1457 710 1496 Romana
755 1458 970 1504 societate,
1011 1457 1063 1496 ad
1109 1457 1261 1496 Poenos
1304 1457 1477 1505 defecit,

172 1515 455 1567 movissetque
486 1515 532 1554 in
563 1514 710 1554 Sicilia
738 1528 816 1563 res,
852 1517 916 1553 12.
938 1515 1019 1554 nisi
1050 1528 1161 1554 mors
1191 1515 1294 1554 adeo
1327 1529 1478 1567 oppor-

172 1575 290 1619 tuna,
321 1576 370 1611 ut
409 1575 575 1626 patrem
616 1585 782 1625 quoque
814 1573 1048 1624 suspicione
1079 1575 1334 1624 aspergeret,
1365 1585 1478 1611 arm-

172 1633 316 1669 antem
347 1643 444 1668 eum
475 1629 798 1669 multitudinem
829 1629 1217 1681 sollicitantemque
1251 1631 1381 1668 socios
1403 1630 1477 1669 ab-

173 1688 430 1739 sumpsisset.
492 1687 595 1727 Haec
611 1701 659 1726 eo
676 1700 786 1726 anno
800 1688 843 1725 in
863 1686 1003 1734 Italiz‘n,
1020 1687 1063 1724 in
1080 1687 1232 1734 Africa,
1250 1687 1294 1725 in
1312 1686 1475 1735 Silicis,

173 1745 217 1783 in
240 1744 449 1796 Hispania
470 1745 585 1783 vario
607 1748 764 1783 eventu
785 1749 897 1783 acta.

234 1803 299 1841 13.
323 1801 454 1841 Exitu
475 1802 575 1841 anni
599 1802 646 1849 Q.
664 1802 820 1840 Fabius
842 1802 1053 1841 Maximus
1074 1815 1098 1840 a
1119 1805 1267 1840 senatu
1288 1800 1477 1854 postula·

172 1860 250 1907 vit,
271 1855 320 1897 ut
341 1859 474 1898 aedem
495 1859 672 1898 Veneris
694 1859 900 1911 Erycina‘,
922 1873 1049 1911 quam
1072 1859 1255 1898 dictator
1277 1859 1473 1906 vovisset,

171 1917 365 1955 dedicare
399 1916 560 1956 liceret.
626 1919 690 1956 14.
728 1916 905 1956 Senatus
941 1917 1141 1965 decrevit,
1175 1920 1224 1955 ut
1255 1917 1319 1955 Ti.
1355 1915 1474 1956 Sem-

172 1974 344 2027 pronius
385 1973 529 2014 consul
579 1973 834 2026 designatus,
875 1988 1005 2026 quum
1045 1975 1232 2027 primum
1272 1974 1474 2013 honorem

171 2031 333 2079 inisset,
354 2032 407 2071 ad
439 2031 642 2085 populum
673 2032 815 2080 ferret,
837 2035 887 2071 ut
918 2031 964 2079 Q.
988 2032 1169 2071 Fabium
1201 2031 1473 2070 duumvirum

171 2103 257 2128 esse
272 2088 474 2141 juberent
494 2090 594 2130 aedis
615 2089 857 2129 dedicandae
878 2094 1011 2128 causa.
1048 2091 1112 2129 15.
1136 2089 1193 2127 Et
1214 2089 1273 2127 M.
1296 2088 1475 2128 AEmilio

172 2146 430 2199 Lepido,qui
445 2147 508 2187 bis
518 2147 663 2187 consul
676 2161 890 2199 augurque
904 2147 1055 2195 fuerat,
1067 2146 1144 2185 filii
1159 2145 1475 2194 tres—Lucius,

172 2203 354 2253 Marcus,
369 2205 729 2252 Quintus—ludos
742 2205 937 2244 funebres
951 2218 1025 2257 per
1038 2204 1244 2252 triduum,
1258 2207 1300 2243 et
1312 2203 1476 2256 gladia-

173 2268 313 2301 torum
333 2263 449 2315 paria
469 2263 552 2303 duo
574 2267 618 2302 et
639 2263 794 2316 viginti
814 2261 909 2315 [per
925 2260 1151 2316 triduum],
1173 2262 1217 2300 in
1240 2262 1328 2301 foro
1349 2261 1479 2300 dede·—

174 2322 286 2358 runt.
352 2320 416 2359 16.
448 2321 611 2360 AEdiles
652 2319 815 2360 curules
856 2319 900 2360 C.
942 2319 1148 2359 Laetorius
1190 2322 1234 2358 et
1269 2319 1334 2358 Ti.
1358 2318 1477 2359 Sem-

173 2377 346 2429 pronius
376 2377 604 2425 Gracchus,
626 2377 771 2417 eonsul
801 2378 1058 2430 designatus,
1085 2378 1160 2430 qui
1193 2378 1238 2416 in
1270 2375 1477 2417 aedilitate

175 2435 376 2488 magister
407 2436 600 2488 equitum
632 2437 783 2484 fuerat,
804 2435 923 2475 ludos
945 2435 1154 2475 Romanos
1176 2435 1380 2482 fecerunt,
1401 2434 1475 2486 qui
