1663 2718
458 139 624 177 LIBER.
657 138 817 177 XXIII.
873 137 991 178 CAP.
1027 138 1156 177 XLII.
1413 142 1464 180 50

152 249 366 304 ploratum
414 263 544 302 prope
593 248 821 301 conjugmn
860 262 908 288 ac
958 249 1187 289 liberorum
1225 251 1464 291 nostrorum

152 307 352 347 exaudire
372 309 418 347 et
437 305 661 360 flagrantia
681 309 795 345 tecta
810 319 946 358 posses
966 307 1218 359 conspicere,
1240 307 1302 346 ita
1323 321 1464 347 sumus

151 364 379 417 aliquoties
408 364 487 403 hac
517 366 663 404 aestate
695 363 918 412 devastati,
941 366 991 403 ut
1020 363 1082 402 M.
1104 363 1346 413 Marcellus,
1378 377 1463 404 non

153 420 384 470 Hannibal,
415 421 566 460 vicisse
609 420 662 460 ad
703 419 864 460 Cannas
904 420 1112 468 videatur,
1145 420 1463 474 glorienturque

152 478 336 518 Romani
375 481 433 526 te,
465 477 519 517 ad
559 491 692 517 unum
731 477 855 517 modo
897 478 1031 517 ictum
1072 478 1301 530 vigentem,
1344 479 1464 519 velut

152 534 297 575 aculeo
337 535 488 574 emisso
529 537 709 587 torpere.
785 534 824 574 6.
856 534 939 574 Per
978 547 1109 574 annos
1151 538 1323 574 centum
1366 549 1464 575 cum

152 592 308 646 populo
330 591 518 632 Romano
549 592 711 632 bellum
742 593 945 645 gessimus
974 591 1094 632 nullo
1122 594 1294 631 externo
1326 592 1465 645 adjuti

153 663 230 690 nec
250 650 355 690 duce
375 663 453 689 nec
474 650 674 698 exercitu,
696 650 780 689 nisi
801 649 912 701 quod
933 663 1008 702 per
1028 649 1249 689 biennium
1279 649 1464 701 Pyrrhus

152 710 293 747 nostro
314 708 450 758 magis
471 707 612 746 milite
634 720 727 746 suas
747 707 868 746 auxit
897 707 1018 755 vires,
1038 719 1167 759 quam
1188 707 1273 746 suis
1304 707 1464 746 viribus

151 778 227 804 nos
247 764 451 804 defendit.
513 764 552 804 7.
580 763 676 804 Non
698 777 775 817 ego
795 765 988 803 secundis
1009 764 1131 803 rebus
1151 765 1304 803 nostris
1334 764 1465 817 glori-

151 822 266 869 abor,
301 821 406 861 duos
441 821 631 861 consules
663 835 710 860 ac
750 821 853 861 duos
888 821 1124 861 consulares
1164 822 1371 861 exercitus
1410 822 1464 862 ab

132 879 273 919 'nobis
304 879 382 918 sub
405 878 561 931 jugum
590 879 750 926 missos,
772 881 817 918 et
852 879 887 917 si
917 892 1001 931 qua
1036 878 1119 918 alia
1152 881 1227 918 aut
1262 878 1359 918 laeta
1390 882 1465 918 aut

151 935 334 989 gloriosa
364 935 485 975 nobis
521 938 764 975 evenerunt.
826 938 864 974 8.
898 935 1000 982 Quae
1031 949 1177 988 aspera
1209 936 1464 988 adversaque

150 996 255 1033 tunc
282 993 541 1041 acciderunt,
562 993 725 1032 minore
742 992 1036 1045 indignatione
1058 993 1210 1032 referre
1231 1005 1462 1044 possumus,

151 1052 280 1103 quam
300 1063 394 1103 quae
423 1050 549 1089 hodie
572 1051 788 1089 eveniunt.
851 1051 890 1089 9.
922 1049 1073 1102 Magni
1105 1050 1334 1089 dictatores
1366 1063 1463 1090 cum

151 1108 366 1161 magistris
397 1108 603 1160 equitum,
624 1107 716 1147 bini
747 1106 936 1147 consules
966 1120 1064 1146 cum
1094 1107 1205 1147 binis
1236 1107 1466 1146 consulari-

151 1165 230 1204 bus
280 1164 534 1204 exercitibus
574 1165 922 1215 ingrediebantur
973 1164 1076 1204 fines
1125 1167 1313 1212 nostr0s3
1363 1167 1464 1204 ante

152 1221 383 1275 explorato,
406 1224 451 1261 et
480 1222 678 1261 subsidiis
708 1223 870 1275 positis,
892 1224 936 1261 et
966 1222 1042 1262 sub
1068 1222 1200 1274 signis
1231 1222 1283 1260 ad
1312 1222 1465 1274 popul-

151 1279 312 1318 andum
338 1279 572 1319 ducebant:
621 1281 685 1319 10.
711 1292 824 1318 nunc
845 1280 1111 1332 propraetoris
1132 1279 1256 1318 unius
1278 1283 1322 1318 et
1346 1280 1464 1331 parvi

152 1336 206 1376 ad
244 1336 447 1376 tuendam
486 1336 640 1376 Nolam
679 1337 864 1390 praesidii
903 1337 1043 1389 praeda
1077 1349 1240 1384 sumus;
1280 1336 1371 1388 jam
1411 1350 1466 1376 ne

152 1393 454 1446 manipulatim
483 1394 670 1446 quidem,
704 1394 777 1433 scd
815 1393 1030 1433 latronum
1061 1393 1186 1433 modo
1219 1397 1466 1446 percursant

152 1451 257 1491 totis
281 1449 436 1490 finibus
463 1451 618 1491 nostris
646 1450 951 1504 negligentius,
972 1452 1100 1504 quam
1131 1451 1166 1490 si
1196 1451 1242 1490 in
1274 1451 1464 1491 Romano

152 1510 408 1561 vagarentur
447 1521 561 1561 agro.
626 1510 692 1548 11.
733 1508 867 1549 Causa
905 1511 1050 1548 autem
1089 1508 1180 1548 haec
1219 1511 1308 1556 est3
1353 1508 1465 1560 quod

151 1578 290 1619 neque
324 1568 374 1606 tu
405 1565 611 1615 defendis,
642 1568 687 1606 et
716 1569 860 1606 nostra
888 1565 1107 1619 juventus,
1142 1579 1249 1618 quae,
1283 1566 1317 1605 si
1349 1565 1464 1605 domi

153 1625 276 1671 esset,
296 1625 522 1672 tutaretur,
544 1624 680 1663 omnis
701 1623 776 1663 sub
797 1623 928 1675 signis
949 1623 1112 1663 militat
1132 1624 1232 1663 tuis.
1288 1625 1353 1662 12.
1374 1623 1416 1662 N
1418 1636 1466 1663 ec

152 1683 198 1720 te
227 1693 306 1720 nec
336 1681 572 1720 exercitum
603 1684 728 1720 tuum
759 1680 910 1729 norim,
945 1681 1042 1729 nisi,
1075 1693 1100 1720 a
1135 1694 1218 1733 quo
1259 1683 1325 1720 tot
1355 1681 1465 1720 acies

153 1737 364 1777 Romanas
399 1738 511 1777 fusas
544 1740 779 1790 stratasque
816 1751 904 1777 esse
945 1738 1089 1786 sciam,
1130 1738 1170 1777 ei
1210 1737 1334 1777 facile
1376 1751 1463 1777 esse

154 1795 295 1835 dicam
316 1795 554 1848 opprimere
583 1795 851 1848 populatores
871 1798 1033 1835 nostros
1054 1808 1195 1848 vagos,
1216 1796 1307 1835 sine
1329 1795 1463 1848 signis

152 1849 330 1905 palatos,
344 1853 427 1905 quo
448 1865 660 1905 quemque
682 1853 826 1902 trahit,
840 1854 1033 1904 quamvis
1054 1865 1173 1901 vana,
1187 1853 1337 1906 praedae
1357 1865 1462 1905 spes.

158 1911 224 1949 13.
254 1909 540 1950 Numidarum
574 1923 802 1963 paucorum
838 1910 902 1949 illi
945 1910 1118 1962 quidem
1150 1910 1293 1963 praeda
1324 1913 1463 1959 erunt,

153 1966 479 2020 praessidiumque
500 1967 627 2007 simul
658 1967 778 2007 nobis
799 1970 844 2008 ct
871 1967 913 2007 N
915 1967 993 2008 01ae
1013 1967 1232 2016 ademeris,
1253 1968 1289 2007 si
1320 1967 1462 2017 modo,

152 2037 257 2077 quos
286 2026 336 2065 ut
367 2025 499 2065 socios
528 2024 702 2065 haberes
733 2025 884 2079 dignos
916 2025 1090 2073 duxisti,
1117 2025 1229 2065 haud
1264 2024 1464 2078 indignos

146 2079 328 2134 judicas,
349 2094 454 2136 quos
474 2083 521 2123 in
542 2082 669 2123 fidem
689 2086 877 2136 receptos
898 2081 1094 2123 tuearis.”
