1663 2718
444 148 612 187 LIBER
645 148 802 187 XXIII.
859 149 975 187 CAP.
1005 149 1083 188 III.
1398 155 1420 191 3

113 257 205 300 filia
234 258 408 299 haberet
440 258 657 311 filiamque
685 258 865 298 Romam
895 262 1079 312 nuptum
1109 260 1170 299 M.
1194 260 1317 301 Livio
1349 262 1420 302 de-

111 317 269 365 disset3
300 317 490 356 ceterum
510 315 715 368 majorem
735 316 872 356 multo
904 330 994 356 rem
1024 318 1243 370 magisque
1265 320 1420 358 timen-

111 373 211 414 dam
240 374 426 414 instare:
460 375 499 414 7.
530 386 614 412 non
645 374 760 413 enim
781 387 856 427 per
886 374 1169 414 defectionem
1191 375 1243 415 ad
1264 376 1417 416 tollen-

112 431 216 471 dum
248 444 300 470 ex
332 431 508 470 civitate
548 434 743 470 senatum
785 431 952 484 plebem
992 435 1192 484 spectare,
1234 434 1305 473 sed
1345 447 1419 486 per

111 488 268 529 caedem
293 490 461 528 senatfis
482 501 658 527 vacuam
689 501 779 528 rem
809 488 1026 541 publicam
1057 489 1223 529 tradere
1254 490 1419 529 Hanni-

110 545 198 586 bali
230 559 279 586 ac
306 545 449 585 Poenis
476 545 615 593 velle3
648 548 686 585 8.
719 559 767 585 eo
799 559 842 586 se
872 546 1060 599 periculo
1091 560 1208 599 posse
1240 547 1418 587 liberare

109 616 191 652 eos,
208 604 242 643 si
264 604 519 656 permittant
536 603 674 642 sibiet
690 604 971 643 certaminum
991 604 1037 642 in
1058 604 1274 657 republica
1294 605 1418 645 obliti

109 661 297 700 credant.
362 662 401 700 9.
434 660 576 708 Quum
621 674 765 700 omnes
797 662 905 700 victi
945 664 1063 700 metu
1104 663 1417 714 permitterent,

110 722 136 743 ‘⁶
153 717 395 766 Claudam,’'
416 718 574 770 inquit,
607 722 633 743 ‘⁶
647 719 692 757 in
714 719 831 757 curia
852 732 924 758 vos
945 722 1002 767 et,
1024 722 1242 771 tamquam
1265 724 1308 759 et
1329 721 1417 772 ipss:

109 776 286 828 cogitati
307 775 506 815 facinoris
527 776 751 829 particeps,
768 776 1036 829 adprobando
1059 776 1248 825 consilia,
1263 777 1418 829 quibus

107 834 369 886 nequiquam
409 833 660 882 adversarer,
694 834 808 873 viam
849 833 977 873 saluti
1009 837 1158 873 vestrae
1189 835 1416 873 inveniam.

108 891 160 930 In
196 890 275 930 hoc
307 890 450 938 fidem,
471 904 600 942 quam
631 890 771 938 voltis,
803 891 885 944 ipsi
918 890 1137 943 accipite.’'
1214 894 1279 931 lO.
1312 891 1417 931 Fide

107 948 208 987 dat-Er
238 961 424 1000 egressus
457 947 599 987 claudi
632 949 793 987 curiam
824 948 966 1000 jubet,
1002 948 1330 1000 praesidiumque
1372 949 1417 988 in

107 1005 318 1045 vestibulo
334 1004 523 1057 reliquit,
539 1018 593 1044 ne
609 1006 704 1057 quis
717 1005 832 1045 adire
845 1005 1006 1044 curiam
1026 1005 1192 1058 injussu
1209 1019 1298 1054 suo,
1312 1019 1417 1045 neve

106 1062 207 1103 inde
227 1063 385 1116 egredi,
406 1063 550 1116 possit.

570 1256 835 1298 CHAPTER
859 1257 942 1297 III.

108 1344 266 1376 Pacuvius
282 1343 473 1385 ingmtiates
489 1343 625 1375 himself
636 1343 714 1374 with
731 1343 785 1375 the
802 1343 921 1384 Pcoplc
937 1343 974 1375 of
988 1343 1107 1384 Capua.
1153 1343 1202 1384 By
1223 1354 1264 1374 an
1282 1343 1416 1374 Arrifiee

342 1387 384 1418 he
398 1397 490 1418 sares
506 1387 560 1418 the
575 1387 671 1418 Lives
688 1387 724 1418 of
736 1387 791 1418 the
808 1387 1077 1417 Senators.-}³.c.
1095 1388 1168 1418 216.

166 1467 203 1504 1.
235 1465 334 1504 TUM
362 1467 512 1505 vocato
539 1463 592 1503 ad
609 1464 853 1503 concionem
873 1463 1045 1516 populo,
1080 1462 1243 1510 “Quod
1272 1463 1414 1516 scope?

104 1523 260 1575 inquit,
282 1521 512 1575 “optastiS,
535 1520 753 1573 Campani,
774 1525 823 1560 ut
844 1521 1043 1573 supplicii
1075 1521 1266 1560 sumendi
1297 1521 1414 1560 vobis

104 1593 157 1620 ex
177 1579 369 1632 improbo
391 1593 439 1619 ac
461 1578 706 1618 detestabili
739 1581 888 1618 senatu
908 1581 1093 1631 potestas
1114 1582 1235 1627 esset,
1260 1581 1298 1617 2.
1321 1592 1413 1617 eam

108 1650 190 1677 non
226 1650 300 1690 per
339 1636 578 1676 tumultum
619 1639 910 1689 expugnantes
950 1636 1094 1675 domos
1135 1635 1412 1688 singulorum,

104 1707 209 1748 quas
244 1694 450 1747 praesidiis
484 1693 707 1733 clientium
743 1706 1040 1745 servorumque
1085 1697 1274 1741 tuentur,
1316 1706 1413 1732 cum

104 1765 270 1792 summo
292 1755 430 1792 vestro
460 1751 663 1804 periculo,
685 1750 754 1790 sed
785 1754 925 1789 tutam
956 1750 1121 1789 habetis
1151 1763 1199 1789 ac
1221 1750 1411 1789 liberam.

107 1813 147 1850 3.
179 1809 350 1850 Clausos
382 1821 526 1848 omnes
561 1809 607 1847 in
648 1808 809 1847 curiam
841 1808 1036 1860 accipite,
1065 1807 1185 1855 solos,
1216 1808 1410 1847 inermes.

104 1866 197 1907 Nec
223 1867 453 1919 quicquam
488 1866 646 1918 raptim
678 1869 753 1905 aut
785 1865 894 1904 forte
926 1869 1087 1904 temere
1123 1865 1296 1917 egeritis
1314 1879 1324 1912 3
1362 1865 1412 1904 de

103 1924 371 1977 singulorum
392 1923 531 1976 capite
553 1923 671 1962 vobis
695 1922 765 1975 jus
787 1923 1009 1962 sententiae
1036 1922 1224 1962 dicendae
1245 1922 1411 1970 faciam,

107 1985 158 2022 ut,
191 1994 293 2035 quas
325 1981 504 2034 quisque
539 1981 717 2019 meritus
752 1983 816 2019 cst
848 1993 990 2033 poenas
1025 1979 1196 2032 pendat.
1257 1982 1297 2019 4.
1330 1979 1412 2019 Sed

105 2042 206 2080 ante
227 2040 370 2079 omnia
398 2039 462 2078 ita
491 2051 563 2078 vos
584 2038 658 2077 irae
677 2037 898 2090 indulgere
930 2040 1111 2090 oportet,
1132 2039 1182 2076 ut
1203 2037 1412 2090 potiorem

105 2098 170 2137 ira
184 2096 366 2137 salutem
385 2099 513 2149 atque
528 2095 766 2135 utilitatem
783 2099 966 2134 vestram
986 2094 1191 2134 habeatis.
1239 2094 1412 2133 Etenim

105 2155 196 2203 hos,
215 2157 268 2194 ut
294 2155 457 2208 opinor,
478 2153 625 2194 odistis
653 2155 874 2201 senatores,
895 2165 980 2192 non
1015 2155 1210 2192 senatum
1240 2152 1411 2191 omnino

106 2212 261 2253 habere
281 2225 363 2252 non
386 2211 513 2251 voltis
531 2225 540 2251 :
571 2211 728 2264 quippe
748 2213 823 2250 aut
836 2224 922 2257 rex,
938 2209 1050 2263 quod
1066 2209 1412 2255 abominandum,

105 2272 194 2320 aut,
215 2269 328 2323 quod
358 2283 491 2309 unum
522 2268 666 2308 liberae
686 2268 873 2307 civitatis
900 2267 1125 2308 consilium
1147 2269 1223 2316 est,
1245 2269 1412 2305 senatus

102 2327 324 2368 habendus
343 2330 419 2368 est..
480 2328 520 2367 5.
552 2326 703 2379 Itaque
733 2326 827 2365 duae
857 2339 922 2365 res
943 2324 1071 2364 simul
1101 2324 1274 2377 agendae
1295 2323 1414 2363 vobis

102 2388 205 2427 sunt
217 2399 229 2434 ;
250 2390 302 2425 ut
320 2388 365 2425 et
384 2387 572 2424 veterem
593 2387 787 2424 senatum
808 2382 985 2432 tollatis,
1007 2386 1049 2422 et
1080 2395 1239 2422 novum
1269 2383 1414 2433 coopt-

104 2443 200 2483 etis.
263 2442 301 2484 6.
334 2441 468 2484 Citari
498 2440 684 2494 singulos
716 2444 926 2481 senatores
941 2439 1117 2494 jubebo,
1149 2439 1201 2479 de
1233 2451 1414 2492 quorum

728 2516 748 2538 Β
769 2508 788 2539 2
