1663 2718
168 136 218 175 58
459 136 573 175 ΤΙΤΙ
610 136 752 174 LIVII
787 134 1182 174 HISTORIARUM

167 247 289 287 classi
309 247 498 287 Africam
527 247 740 300 repetenti
761 246 958 295 occurrit,
979 245 1147 299 levique
1169 246 1400 286 certamine
1430 247 1477 286 in

167 305 255 345 alto
286 305 506 344 commisso
539 308 700 357 septem
720 304 819 344 inde
839 317 966 344 naves
988 317 1086 343 cum
1104 304 1227 343 sociis
1255 302 1477 343 navalibus

169 363 294 414 cepit.
363 361 530 402 Ceteras
565 364 705 402 metus
740 361 855 401 haud
890 375 1021 410 secus,
1062 362 1192 413 quam
1231 363 1477 413 tempestas,

167 419 323 472 passim
344 418 523 472 disjecit.

230 479 295 516 10.
326 476 409 515 Per
429 477 597 516 eosdem
617 476 726 517 forte
748 477 836 516 dies
857 479 901 517 et
920 475 1134 516 Bomilcar
1150 489 1248 515 cum
1263 475 1478 516 militibus

168 534 221 573 ad
242 533 586 587 supplementum
609 534 864 587 Carthagine
901 534 1052 582 missis,
1083 533 1404 586 elephantisque
1433 536 1479 572 et
1519 529 1522 531 ’

169 594 422 639 commeatu,
458 591 611 631 Locros
643 593 831 631 accessit.
908 593 974 630 11.
1007 590 1142 638 Quem
1173 593 1223 629 ut
1258 591 1478 629 incautum

168 649 438 701 opprimeret,
470 649 547 701 Ap.
571 648 772 689 Claudius
803 662 876 701 per
897 647 1215 687 simulationem
1250 648 1478 699 provinciae

168 706 478 745 circumeundae
499 706 737 745 Messanam
767 706 925 758 raptim
956 704 1147 743 exercitu
1176 704 1319 751 ducto,
1350 706 1476 743 vento

168 766 355 814 aestuque
378 776 451 801 suo
482 763 635 802 Locros
665 761 847 815 trajecit.
912 764 976 801 12.
1009 761 1107 801 Jam
1137 761 1237 801 inde
1267 760 1479 800 Bomilcar

167 820 220 858 ad
242 819 496 858 Hannonem
525 820 572 858 in
602 819 794 858 Bruttios
824 819 1036 872 profectus
1063 821 1168 867 erat,
1189 821 1233 858 et
1252 818 1479 858 Locrenses

166 879 308 929 portas
329 877 529 916 Romanis
551 876 802 916 clauserunt.
849 876 1011 929 Appius
1023 889 1176 929 magno
1192 878 1346 916 conatu
1360 875 1480 914 nulla.

167 947 211 973 re
232 936 351 987 gesta
370 934 610 973 Messanam
631 934 800 986 repetit.

229 994 294 1031 13.
326 991 487 1030 Eadem
510 994 653 1031 aestate
676 991 903 1030 Marcellus
924 991 977 1030 ab
997 991 1040 1030 N
1041 990 1120 1040 015,
1135 1004 1263 1043 quam
1283 990 1478 1043 praesidio

167 1048 403 1097 obtinebat,
425 1048 587 1088 crebras
618 1049 879 1088 excursiones
911 1049 956 1087 in
987 1061 1138 1100 agrum
1168 1048 1404 1101 Hirpinum
1436 1050 1481 1087 et

168 1105 380 1145 Samnites
427 1105 636 1146 Caudinos
682 1106 798 1153 fecit,
855 1108 918 1145 14.
957 1106 1145 1158 adeoque
1187 1106 1330 1144 omnia
1369 1105 1479 1144 ferro

167 1165 294 1215 atque
326 1163 420 1215 igni
453 1164 651 1211 vastavit,
683 1166 733 1202 ut
766 1164 1040 1215 antiquarum
1079 1162 1266 1202 cladium
1307 1162 1481 1202 Samnio

168 1221 416 1259 memoriam
436 1223 669 1260 renovaret.

599 1450 864 1491 CHAPTER
904 1450 1045 1490 XLII.

168 1538 406 1571 Ambassadors
421 1539 506 1571 from
522 1539 577 1571 the
593 1539 723 1580 Hirpini
740 1539 806 1570 and
822 1539 969 1572 Caudine
985 1538 1148 1571 Samnites
1165 1543 1236 1571 sont
1253 1542 1285 1571 to
1303 1538 1482 1572 Hannibal.

594 1583 695 1614 Their
710 1582 951 1624 speech-rm.
969 1585 1042 1614 215.

230 1668 267 1704 1.
299 1666 455 1712 ITAQUE
506 1666 718 1719 extemplo
759 1665 894 1718 legati
935 1666 988 1706 ad
1038 1665 1325 1706 Hannibalem
1364 1667 1483 1707 missi

169 1722 298 1762 simul
339 1737 390 1762 ex
424 1725 602 1776 utraque
643 1726 770 1775 gente
811 1725 874 1763 ita
914 1723 1095 1763 Poenum
1127 1723 1315 1763 adlocuti
1355 1726 1481 1764 sunt:

171 1782 210 1820 2.
233 1780 427 1820 “Hostes
458 1781 607 1834 populi
637 1781 831 1830 Romani,
857 1780 1088 1830 Hannibal,
1110 1781 1266 1820 fuimus
1297 1782 1484 1834 primum

169 1851 244 1891 per
264 1851 339 1877 nos
360 1839 457 1891 ipsi,
479 1839 617 1891 quoad
638 1842 779 1878 nostra
800 1852 928 1887 arma,
949 1842 1103 1878 nostrae
1123 1839 1233 1878 vires
1255 1852 1329 1878 nos
1350 1839 1485 1878 tutari

169 1898 380 1948 poterant.
444 1898 481 1935 3.
514 1896 744 1948 Postquam
773 1897 839 1936 his
871 1898 1022 1949 parilm
1053 1895 1298 1944 fidebamus,
1320 1895 1481 1948 Pyrrho

169 1953 262 2006 regi
293 1966 366 1991 nos
388 1953 657 2005 adjunximus
675 1968 686 2001 3
717 1967 742 1993 a
762 1967 844 2006 quo
866 1953 1006 1993 relicti
1038 1967 1185 2006 pacem
1205 1954 1484 1993 necessariam

171 2011 423 2063 accepimus,
445 2011 688 2063 fuimusque
711 2012 755 2050 in
788 2016 835 2051 ea
857 2025 931 2064 por
952 2024 1082 2050 annos
1113 2024 1243 2064 prope
1275 2011 1485 2063 quinqua-

170 2069 294 2121 ginta
313 2067 367 2107 ad
388 2068 432 2107 id
452 2070 633 2121 templs,
655 2081 736 2120 quo
753 2071 803 2108 tu
823 2069 868 2107 in
890 2068 1063 2108 Italiam
1085 2069 1251 2108 venisti.
1322 2071 1362 2107 4.
1393 2068 1484 2107 Tua

169 2138 244 2165 nos
273 2138 358 2165 non
388 2126 524 2178 magis
544 2126 679 2165 virtus
709 2126 974 2179 fortunaque,
995 2128 1123 2179 quam
1153 2126 1278 2164 unica
1308 2126 1483 2165 comitas

170 2196 219 2222 ac
258 2183 498 2235 benignitas
538 2196 637 2236 erga
677 2184 789 2224 cives
828 2186 1004 2231 nostros,
1045 2196 1146 2235 quos
1186 2186 1330 2236 captos
1363 2183 1485 2223 nobis

170 2241 385 2289 remisisti,
407 2241 470 2280 ita
491 2241 735 2281 conciliavit
755 2242 851 2290 tibi,
868 2244 916 2281 ut
937 2244 980 2281 te
1001 2240 1115 2280 salvo
1131 2243 1258 2293 atquc
1280 2239 1485 2280 incolumi

171 2298 306 2338 amico
346 2311 429 2337 non
471 2299 595 2338 modo
635 2299 840 2352 populum
880 2299 1132 2347 Romanum,
1179 2298 1251 2338 scd
1291 2311 1345 2338 ne
1385 2297 1485 2338 deos

171 2355 345 2408 quidem
367 2357 506 2403 iratos,
529 2357 563 2395 si
585 2357 646 2396 fas
666 2360 729 2397 est
749 2357 849 2406 dici,
871 2357 1128 2397 timeremus.
1161 2357 1200 2395 5.
1223 2356 1281 2396 At
1300 2355 1484 2403 hercule,

171 2426 257 2454 non
277 2413 414 2454 solum
445 2413 649 2454 incolumi
679 2417 723 2455 ct
744 2415 917 2464 victore,
939 2414 1010 2454 sed
1041 2416 1244 2468 praesente
1276 2415 1332 2462 te,
1353 2426 1485 2467 quum
