1663 2718
454 122 621 161 LIBER
656 121 814 159 XXIII.
872 121 988 160 CAP.
1016 120 1174 159 XXVI.
1420 123 1469 160 35

166 247 331 275 sumere
362 235 572 286 quantum
603 245 708 285 opus
743 233 876 271 esset:
913 233 978 271 11.
1011 230 1055 272 C.
1077 231 1277 272 Terentio
1308 231 1470 271 consuli

168 291 392 345 propagari
423 291 468 330 in
502 302 662 329 annum
695 289 938 341 imperium,
960 302 1095 341 neque
1126 289 1178 328 de
1200 302 1248 329 eo
1270 290 1471 337 exercitu,

167 362 296 401 quem
317 348 370 388 ad
390 347 632 400 praesidium
654 345 820 399 Apulia:
841 346 1029 395 haberet,
1050 346 1280 399 quiequam
1300 347 1452 386 minui.

594 571 860 612 CHAPTER
891 571 1051 611 XXVI.

169 672 251 704 XVar
277 672 310 704 in
337 671 446 713 Spain.
492 670 529 702 P.
554 669 619 701 and
646 669 705 701 Cn.
729 669 836 711 Scipio
862 668 971 700 divide
995 667 1080 700 their
1104 668 1230 700 Forces.
1288 668 1478 700 Hasdrubal

213 716 312 756 keeps
327 719 362 746 at
377 725 397 745 a
413 714 566 745 Distanco
588 713 671 744 from
694 712 782 743 thcm
799 712 852 743 till
867 712 908 743 ho
924 711 1062 743 receives
1078 722 1097 743 a
1114 712 1374 743 Rcinforccment
1395 712 1479 742 from

213 759 334 790 Africa.
378 757 492 789 Mox-es
515 755 656 788 towards
683 755 780 786 them.
827 755 1056 786 Commandcrs
1082 755 1118 785 of
1146 755 1360 786 Hasdrubal's
1383 755 1479 795 Ships

213 801 322 833 desert
347 800 411 831 and
433 810 528 831 causo
552 810 572 830 a
599 798 717 830 Revolt
739 799 776 829 of
798 798 852 829 the
877 798 1027 830 Tartesii.
1072 797 1262 829 Hasdrubal
1285 797 1426 829 resolves
1447 803 1480 828 to

213 844 324 875 attack
340 843 394 874 the
410 842 581 874 Tartesian
597 842 713 873 Forccs
736 841 839 872 under
854 841 1008 872 Chalbus.
1054 840 1222 872 Dcfeatcd.
1268 841 1394 872 Retiros
1412 846 1444 872 to
1461 852 1481 871 a

156 895 160 898 ’
219 887 295 918 Hill
310 885 414 918 which
431 885 470 917 ho
487 884 635 926 strongly
649 884 903 916 serastes—nc.
921 886 994 915 216.

234 974 270 1010 l.
301 971 404 1010 DUM
426 970 516 1009 haec
535 970 581 1008 in
598 968 725 1008 Italia
741 972 948 1021 geruntur
969 969 1323 1022 adparanturquc,
1345 970 1480 1009 nihilo

172 1029 343 1082 segnitis
363 1028 409 1067 in
420 1027 630 1079 Hispani-5,
649 1026 811 1066 bellum
828 1030 931 1075 erat,
946 1027 1016 1065 scd
1033 1027 1084 1066 ad
1103 1040 1196 1066 eam
1213 1027 1326 1067 diem
1347 1029 1482 1081 magis

173 1098 418 1140 prosperum
452 1084 666 1124 Romanis.
730 1086 767 1122 2.
800 1083 847 1122 Ρ.
879 1087 923 1123 et
959 1083 1032 1123 Cn.
1066 1084 1334 1137 Scipionibus
1368 1086 1482 1124 inter

173 1157 216 1184 se
237 1143 407 1196 partitis
429 1142 582 1195 copias,
605 1144 654 1180 ut
676 1140 829 1181 Cneius
851 1144 977 1189 terri-1,
999 1141 1179 1181 Publius
1199 1142 1377 1181 navibus
1394 1156 1483 1182 rem

173 1204 351 1254 gereret,
387 1198 627 1239 Hasdrubal
659 1198 886 1237 Poenorum
923 1199 1165 1250 imperator,
1201 1201 1341 1238 neutri
1370 1201 1482 1252 parti

174 1259 334 1297 virium
355 1258 456 1296 satis
478 1256 625 1304 fidens,
647 1255 794 1308 procul
815 1255 868 1294 ab
890 1256 1021 1304 hoste,
1044 1256 1268 1295 intervallo
1300 1270 1347 1295 ac
1380 1257 1482 1296 locis

174 1319 308 1364 tutus,
325 1314 498 1354 tenebat
515 1327 570 1362 se,
585 1312 723 1366 quoad
744 1312 929 1352 multum
952 1327 999 1352 ac
1020 1314 1094 1352 diu
1112 1314 1342 1353 obtestanti
1359 1317 1483 1366 quat-

174 1386 252 1412 uor
271 1371 412 1412 millia
441 1371 637 1425 peditum
659 1374 703 1409 et
735 1369 856 1409 mille
877 1371 1042 1422 equites
1064 1371 1109 1409 in
1138 1370 1482 1424 supplementum

174 1430 291 1470 missi
313 1443 362 1469 ex
377 1429 519 1468 Africa
533 1432 645 1467 sunt.
709 1430 746 1467 3.
779 1428 889 1466 Tum
902 1428 1057 1467 refecta
1074 1428 1246 1467 tandem
1260 1442 1331 1481 spe
1349 1432 1484 1468 cast-ra

174 1487 346 1541 propius
366 1487 532 1526 hostem
552 1486 700 1534 movit,
715 1485 969 1538 classemque
986 1489 1029 1525 et
1044 1486 1133 1538 ipse
1155 1486 1308 1525 instrui
1325 1487 1484 1538 parari-

176 1558 257 1598 que
271 1544 399 1598 jubet
413 1543 466 1584 ad
481 1542 638 1582 insulas
654 1543 1011 1595 maritumamque
1028 1556 1142 1582 oram
1159 1543 1394 1583 tutandam.
1442 1546 1469 1582 4

175 1602 228 1642 In
248 1602 339 1656 ipso
358 1602 526 1655 impetu
547 1600 850 1640 movendarum
883 1601 933 1639 de
967 1601 1132 1654 integro
1154 1614 1295 1640 rerum
1316 1601 1483 1654 percul-

174 1660 213 1699 it
232 1672 332 1700 eum
353 1659 648 1712 praefectorum
669 1659 843 1696 navium
865 1659 1074 1705 transitio,
1089 1659 1177 1710 qui,
1193 1661 1289 1710 post
1310 1658 1483 1697 classem

174 1717 228 1757 ad
260 1717 435 1757 Iberum
465 1729 540 1769 per
568 1728 765 1768 pavorem
798 1715 1006 1754 desertam
1045 1716 1231 1767 graviter
1269 1716 1482 1768 increpiti,

176 1787 396 1827 nunquam
417 1773 568 1813 deinde
600 1773 702 1811 satis
732 1772 805 1811 fidi
829 1775 904 1811 aut
934 1773 1032 1812 duci
1062 1775 1139 1812 aut
1161 1772 1484 1825 Carthaginien·
1513 1789 1523 1798 ’

178 1831 435 1872 siumrebus
456 1831 638 1870 fuerant.
701 1831 740 1869 5.
773 1829 979 1869 Fecerant
1000 1830 1045 1869 hi
1068 1831 1296 1883 transfugae
1317 1834 1482 1870 motum

175 1890 222 1928 in
261 1889 547 1928 Tartesiorum
582 1890 723 1939 gente,
765 1887 1108 1940 desciverantque
1149 1889 1201 1927 iis
1241 1888 1483 1928 auctoribus

177 1946 298 1986 urbes
318 1945 511 1998 aliquot3
542 1958 628 1984 una
657 1946 787 1984 etiam
809 1945 862 1984 ab
894 1946 995 1998 ipsis
1023 1947 1067 1984 vi
1087 1948 1210 1998 capta
1231 1945 1381 1985 fuerat.
1445 1946 1482 1986 6.

176 2004 229 2043 In
259 2016 352 2044 eam
382 2006 555 2056 gentem
578 2016 744 2042 versum
768 2003 821 2042 ab
843 2002 1042 2042 Romanis
1074 2003 1236 2043 bellum
1257 2007 1334 2052 cst,
1356 2004 1484 2044 infes-

175 2064 305 2115 toque
325 2061 512 2101 exercitu
539 2060 780 2100 Hasdrubal
799 2061 1010 2113 ingressus
1031 2074 1180 2113 agrum
1201 2061 1388 2101 hostium
1409 2075 1484 2114 pro

176 2121 310 2172 captae
339 2121 439 2158 ante
472 2118 560 2158 dies
595 2131 749 2171 paucos
784 2118 899 2157 urbis
935 2119 1144 2158 moenibus
1166 2118 1387 2167 Chalbum,
1409 2132 1484 2159 no-

175 2175 308 2216 bilem
327 2175 613 2215 Tartesiorum
644 2175 809 2224 ducem,
831 2189 927 2214 cum
949 2176 1089 2216 valido
1122 2177 1310 2216 exercitu
1337 2177 1483 2216 castris

177 2247 221 2274 se
240 2235 473 2282 tenentem,
494 2233 669 2286 aggredi
703 2234 868 2272 statuit.
931 2234 969 2274 7.
1001 2233 1221 2274 Praemissa
1240 2235 1376 2288 igitur
1397 2234 1482 2274 levi

175 2293 403 2340 armatura,
438 2304 531 2343 quae
566 2290 738 2330 eliceret
773 2291 911 2330 hostes
946 2291 999 2330 ad
1030 2295 1256 2341 certamen,
1287 2293 1484 2344 equitum

177 2350 343 2401 partem
369 2348 423 2388 ad
444 2347 788 2401 depopulandum
811 2362 885 2401 per
905 2361 1024 2400 agros
1053 2350 1208 2402 passim
1238 2349 1416 2399 dimisit,
1439 2352 1483 2389 et

177 2407 227 2445 ut
247 2403 438 2459 palantes
451 2405 706 2460 exciperent.
769 2408 808 2445 8.
840 2405 978 2446 Simul
995 2410 1040 2446 et
1054 2407 1108 2446 ad
1125 2410 1258 2448 castra
1271 2407 1483 2447 tumultus
