1663 2718
538 140 705 178 LIBER
738 140 896 178 XXIII.
954 139 1071 178 CAP.
1100 139 1184 178 XL.
1461 141 1511 179 55

207 262 333 289 cursu
364 250 550 302 refugit3
580 249 680 290 inde
710 250 866 289 scitum
895 249 1058 303 legatos
1077 263 1175 290 cum
1198 250 1335 290 literis
1355 253 1512 304 captos.

209 309 250 346 2.
282 306 434 360 Itaque
455 308 625 360 ignarus
645 321 731 356 rex,
751 320 847 359 quae
867 320 965 346 cum
986 307 1226 348 Hannibale
1259 307 1411 361 legatis
1431 309 1515 348 suis

208 365 514 413 convenissent,
534 377 711 417 quaeque
732 364 863 417 legati
877 364 913 417 ej
921 378 967 403 us
983 365 1036 404 ad
1057 378 1099 404 se
1120 365 1304 405 adlaturi
1321 365 1514 414 fuissent,

209 421 469 474 legationem
507 421 638 461 aliam
670 435 768 460 cum
808 422 968 461 eisdem
1000 422 1212 462 mandatis
1251 423 1405 463 mittit.
1473 426 1513 464 3.

209 479 364 531 Legati
389 479 443 518 ad
473 478 762 518 Hannibalem
791 480 910 518 missi
943 479 1200 527 Heraclitus,
1233 481 1303 520 cui
1343 479 1514 520 Scotino

208 548 443 588 cognomen
462 539 566 585 erat,
587 539 632 575 et
652 535 768 576 Crito
789 536 993 585 Boeotius,
1014 540 1059 576 et
1086 537 1303 577 Sositheus
1324 537 1514 590 Magnes.

209 593 271 632 Hi
301 606 496 647 prospere
526 593 722 633 tulerunt
748 607 796 633 ac
822 593 1061 634 retulerunt
1087 594 1299 634 mandata.
1360 597 1400 634 4.
1432 595 1516 635 Sed

210 650 327 703 prisis
347 664 390 690 se
411 655 531 691 aestas
551 651 815 704 circumegit,
829 653 957 704 quam
978 664 1145 691 movere
1166 665 1214 691 ac
1234 652 1376 691 moliri
1397 653 1517 704 quic-

210 721 340 760 quam
360 722 433 748 rex
453 712 617 761 posset:
648 712 820 748 tantum
849 709 967 748 navis
997 721 1081 749 una
1100 714 1225 762 capta
1245 723 1342 748 cum
1363 709 1516 762 legatis

211 767 420 806 momenti
440 767 544 806 fecit
565 766 619 806 ad
639 766 891 806 dilationem
904 767 1169 806 imminentis
1183 766 1382 806 Romanis
1398 767 1514 807 belli.

271 825 310 863 5.
343 823 401 863 Et
436 825 547 863 circa
582 823 782 876 Capuam,
818 827 1073 877 transgresso
1094 823 1352 863 Volturnum
1383 824 1515 864 Fabio

173 892 177 894 ’
212 884 306 933 post
326 881 496 933 expiata
516 881 690 920 tandem
716 881 924 934 prodigia,
945 881 1069 921 ambo
1099 881 1286 921 consules
1307 895 1396 921 rem
1423 895 1518 934 gei·-

211 937 354 977 ebant.
386 938 734 986 Combulteriam,
744 941 788 977 et
801 938 1094 986 Trebulam,et
1101 938 1366 978 Austiculam
1380 939 1516 986 urbes,

213 995 253 1035 6.
288 1008 382 1047 quae
411 995 464 1035 ad
486 995 667 1034 Poenum
700 995 954 1043 defecerant,
976 995 1134 1035 Fabius
1165 996 1209 1034 vi
1239 996 1382 1048 cepit;
1413 1009 1518 1048 prae-

212 1052 403 1105 sidiaque
423 1053 468 1092 in
489 1053 556 1092 his
577 1052 831 1092 Hannibalis
853 1052 1140 1105 Campanique
1165 1052 1369 1105 permulti
1390 1054 1503 1105 capti

214 1111 253 1150 7.
286 1110 344 1149 Et
375 1109 508 1158 Nolae,
541 1110 651 1149 sicut
686 1111 824 1163 priore
859 1123 982 1158 anno,
1017 1113 1185 1150 senatus
1217 1110 1518 1157 Romanorum,

212 1167 332 1220 plebs
371 1167 642 1215 Hannibalis,
674 1170 778 1216 erat,
815 1167 1074 1220 consiliaque
1115 1167 1283 1207 occulta
1322 1167 1374 1206 de
1407 1167 1518 1207 caede

212 1225 454 1278 principum
471 1228 514 1264 et
531 1225 772 1277 proditione
792 1225 906 1264 urbis
928 1225 1160 1264 inibantur.
1222 1227 1261 1264 8.
1284 1224 1444 1272 Quibus
1464 1238 1518 1264 ne

213 1283 385 1335 incepta
397 1283 685 1335 procederent,
700 1283 810 1322 inter
825 1282 1009 1335 Capuam
1023 1286 1240 1334 castraque
1254 1282 1519 1330 Hannibalis,

212 1353 308 1392 quae
338 1341 384 1379 in
415 1340 568 1379 Tifatis
599 1343 733 1387 erant,
755 1340 951 1379 traducto
983 1340 1186 1388 exercitu,
1208 1339 1365 1379 Fabius
1396 1353 1520 1392 super

213 1396 455 1437 Suessulam
474 1397 521 1436 iu
541 1398 687 1437 castris
708 1397 949 1438 Claudianis
970 1397 1185 1444 consedit3
1205 1396 1306 1436 inde
1326 1397 1388 1436 M.
1406 1397 1520 1436 Mar-

212 1453 371 1494 cellum
385 1458 686 1508 propraetorem
699 1468 795 1494 cum
808 1455 861 1494 iis
877 1455 1023 1508 copiis,
1037 1467 1140 1507 quas
1153 1453 1349 1503 habebat,
1366 1454 1521 1494 Nolam

212 1512 259 1551 in
279 1513 522 1565 praesidium
544 1513 675 1552 misit.

678 1746 944 1788 CHAPTER
976 1747 1069 1786 XL.

214 1832 261 1864 M.
287 1831 441 1869 Manlius,
478 1831 532 1863 the
558 1831 692 1868 Praetor,
718 1831 813 1863 lands
840 1836 875 1863 at
899 1831 1041 1863 Carales.
1098 1831 1169 1863 Sets
1192 1835 1248 1863 out
1279 1830 1343 1862 and
1371 1841 1523 1872 encamps

257 1885 337 1907 near
365 1874 421 1906 the
448 1874 549 1916 Camp
579 1876 616 1906 of
637 1875 861 1916 Hamspicora.
916 1874 1130 1916 Hamspicora
1153 1874 1277 1910 absent,
1303 1873 1425 1914 raising
1453 1884 1523 1905 new

257 1919 384 1950 Forces.
430 1918 494 1949 His
510 1919 574 1949 Son
594 1918 719 1956 Hostis,
736 1918 808 1949 who
824 1918 851 1949 is
868 1918 928 1949 left
943 1917 977 1948 in
994 1916 1181 1954 Command‚
1198 1916 1312 1948 routed
1328 1916 1391 1947 and
1406 1921 1465 1958 put
1488 1920 1524 1948 to

257 1961 380 2001 Flight.
425 1961 505 1992 War
521 1961 553 1992 in
570 1961 721 1992 Sardinia
737 1961 800 1992 had
817 1961 896 1992 been
913 1959 1016 1992 ended
1031 1961 1089 1992 but
1105 1961 1157 1992 for
1172 1960 1226 1991 the
1242 1959 1373 1990 Arrival
1389 1960 1426 1991 of
1437 1959 1523 1991 Has-

257 2003 374 2036 drubal
389 2004 467 2035 with
483 2003 540 2035 the
562 2003 774 2036 Macedonian
798 2003 888 2035 Fleet
904 2005 987 2035 from
1003 2003 1059 2034 the
1075 2003 1227 2034 Baleares
1244 2002 1318 2043 (Ch.
1335 2002 1524 2043 XXXIV).

257 2047 406 2080 Manlius
421 2051 551 2079 returns
563 2051 597 2078 to
615 2047 756 2078 Carales.
801 2047 1017 2088 Hamspicora
1029 2045 1119 2086 joins
1130 2045 1329 2077 Hasdrubal.
1377 2045 1524 2076 Manlius

257 2090 372 2122 chet-‚ks
395 2090 482 2122 their
504 2089 656 2121 Advance
677 2089 817 2121 towards
840 2089 981 2121 Carales.
1027 2089 1259 2130 Engagement‚
1283 2088 1317 2119 in
1339 2087 1446 2119 which
1468 2087 1525 2119 tho

258 2133 448 2165 Sar-diuinus
470 2133 537 2164 and
562 2133 815 2174 Carthaginians
841 2143 896 2164 are
919 2132 1070 2164 defeated
1087 2132 1164 2163 with
1186 2137 1278 2173 great
1295 2130 1525 2172 Slaughter.-

258 2186 320 2209 n.c.
338 2178 412 2209 215.

268 2252 305 2289 l.
327 2249 388 2289 Er
400 2250 446 2290 in
462 2249 657 2290 Sardinia
670 2264 733 2290 res
746 2264 821 2304 per
837 2251 884 2290 T.
895 2250 1107 2290 Manlium
1122 2252 1345 2303 praetorem
1359 2249 1525 2289 admin-

217 2307 359 2347 istrari
389 2311 552 2360 coeptae,
573 2321 667 2360 quae
693 2309 855 2348 omissae
885 2311 1018 2356 erant,
1040 2311 1263 2360 postquam
1285 2307 1333 2355 Q.
1354 2306 1525 2346 Mucius

218 2367 372 2417 praetor
391 2365 510 2417 gravi
530 2365 676 2404 morbo
690 2369 752 2404 est
774 2364 1024 2418 implicitus.
1062 2367 1101 2404 2.
1122 2364 1324 2413 Manlius,
1345 2363 1525 2403 navibus

219 2421 356 2474 longis
372 2422 426 2461 ad
442 2421 607 2462 Carales
620 2422 851 2471 subductis,
866 2422 1172 2476 navalibusque
1194 2423 1315 2462 sociis
1335 2421 1525 2470 armatis,
