1663 2718
431 155 600 195 LIBER
632 156 792 195 XXIII.
848 155 964 194 CAP.
991 154 1162 194 XLVII.
1403 154 1453 193 65

143 263 306 306 Asellus
336 267 560 319 quaesivit3
585 269 651 307 14.
674 270 731 316 et,
753 267 953 319 quoniam
974 265 1112 306 verbis
1133 277 1271 304 secum
1293 263 1345 304 de
1367 264 1452 303 vir-

141 325 236 362 tute
266 323 482 377 ambigere
511 324 661 364 solitus
693 327 816 372 esset,
847 337 921 363 cur
951 336 1037 363 non
1071 323 1180 362 ferro
1211 321 1452 362 decerneret

141 378 344 433 daretque
365 382 506 434 opima
527 381 662 434 spolia
681 382 832 430 victus,
853 384 928 421 aut
948 381 1083 420 victor
1103 383 1283 433 caperet.

551 595 816 638 CHAPTER
856 595 1035 635 XLVII.

139 679 296 714 Claudius
319 681 450 714 Asellus
473 681 600 714 obtains
627 681 731 713 Lcave
755 685 789 713 to
811 686 922 722 accept
936 680 1089 712 Taurea's
1117 679 1302 721 Challenge.
1349 679 1447 711 Thcu·

495 725 641 763 Combat,
658 724 723 756 and
739 725 782 756 its
799 725 1006 756 Issuc.—1³.c.
1025 726 1097 755 215.

204 799 236 837 1.
269 797 374 838 HAEc
404 797 479 837 ubi
501 797 639 837 Asello
661 800 761 836 sunt
787 797 985 836 nuntiata
1012 797 1055 835 in
1085 799 1232 844 castra,
1255 795 1298 835 id
1320 795 1445 835 modo

119 858 338 906 'moratus,
378 858 427 895 ut
458 854 672 894 consulem
702 858 1059 907 percunctareUu,
1091 853 1292 893 liceretne
1324 857 1443 892 extra

137 912 328 952 ordinem
357 913 417 951 fin
460 916 757 964 provocantem
807 911 971 950 hostem
1003 924 1203 963 pugnare,
1239 911 1443 963 permissu

135 968 227 1022 ejus
239 982 356 1008 arma
369 968 582 1021 extemplo
604 970 731 1021 cepit,
750 971 787 1007 2.
802 972 1104 1021 provectusque
1121 971 1219 1007 ante
1241 969 1442 1007 stationes

136 1039 244 1078 equo
274 1026 480 1065 Tauream
520 1027 690 1065 nomine
728 1025 1001 1078 compellavit
1031 1025 1327 1077 congredique,
1368 1025 1441 1064 ubi

139 1082 280 1131 vellet,
295 1083 436 1136 jussit.
498 1086 536 1123 3.
568 1083 666 1123 Jam
697 1083 876 1122 Romani
898 1083 950 1122 ad
982 1082 1266 1135 spectaculum
1291 1095 1442 1135 pugnax

135 1139 225 1193 ejus
252 1141 490 1193 frequentes
521 1141 725 1188 exierant,
746 1144 790 1180 et
811 1140 1012 1193 Campani
1034 1153 1118 1179 non
1139 1139 1296 1178 valllun
1318 1139 1442 1178 modo

136 1200 379 1247 castrorum,
395 1198 465 1238 sed
478 1199 635 1237 moenia
648 1199 778 1237 etiam
800 1198 926 1246 urbis,
947 1201 1260 1250 prospectantes
1280 1197 1443 1249 replev-

136 1259 268 1294 erant.
325 1257 365 1294 4.
389 1255 527 1302 Quum
535 1255 626 1307 jam
640 1257 738 1294 ante
755 1255 960 1295 ferocibus
977 1255 1102 1294 dictis
1119 1268 1205 1293 rem
1222 1254 1442 1293 nobilitas-

137 1316 240 1360 sent,
256 1312 420 1352 infestis
434 1313 565 1351 hastis
583 1312 851 1352 concitarunt
866 1325 993 1364 equos
1011 1328 1021 1361 3
1043 1312 1141 1351 dein
1157 1312 1288 1351 libero
1305 1312 1441 1363 spatio

136 1370 249 1409 inter
270 1383 312 1409 se
334 1369 602 1409 ludificantes
633 1371 722 1409 sine
745 1370 916 1409 vulnere
941 1383 1128 1422 pugnam
1150 1369 1440 1408 extrahebant.

138 1429 178 1466 5.
200 1427 309 1466 Tum
331 1426 568 1480 Campanus
590 1427 793 1475 Romano,
816 1432 841 1451 ‘⁶
857 1426 1108 1479 Equorum,”
1130 1427 1286 1478 inquit,
1309 1430 1334 1449 ‘⁶
1348 1427 1440 1474 hoc,

135 1497 220 1523 non
233 1485 426 1536 equitum
447 1485 530 1523 erit
550 1488 777 1533 certamen,
799 1485 881 1523 nisi
899 1498 920 1523 e
935 1497 1080 1537 campo
1102 1485 1146 1522 in
1169 1497 1313 1522 cavam
1334 1484 1442 1522 hanc

137 1542 250 1580 viam
266 1541 533 1581 demittimus
549 1555 699 1594 equos;
722 1542 797 1590 ibi,
812 1541 928 1581 nullo
943 1542 995 1581 ad
1013 1541 1274 1594 evagandum
1290 1542 1440 1593 spatio,

137 1599 326 1638 cominus
366 1603 636 1639 conserentur
668 1599 852 1639 manus?
922 1600 960 1639 6.
993 1599 1119 1638 Dicto
1156 1612 1284 1651 prope
1315 1599 1442 1637 citius

136 1669 293 1708 equum
322 1657 368 1695 in
389 1657 503 1696 viam
534 1657 734 1697 Claudius
767 1656 951 1709 dejccit3
981 1657 1143 1695 Taurea
1164 1656 1301 1695 verbis
1333 1656 1442 1695 fero-

137 1715 224 1753 cior
258 1715 386 1766 quam
418 1727 462 1753 re
500 1718 525 1738 ‘⁶
542 1714 739 1761 Minime,
761 1714 852 1761 sis,’'
875 1716 1031 1766 inquit,
1054 1714 1358 1752 “cantherium
1393 1713 1438 1752 in

137 1770 326 1810 fossam.”
401 1773 439 1812 7.
473 1771 574 1818 Quae
610 1785 688 1811 vox
724 1773 768 1810 in
804 1773 1009 1810 rusticum
1042 1771 1140 1810 inde
1173 1770 1440 1823 proverbium

137 1828 307 1881 prodita
327 1831 403 1868 est.
438 1828 653 1876 Claudius,
675 1843 807 1881 quum
829 1834 877 1868 esi
898 1830 967 1868 via
987 1829 1112 1881 longe
1133 1827 1440 1881 perequitasset

139 1883 296 1940 [quia],
329 1885 446 1925 nullo
481 1886 605 1925 obvio
639 1887 771 1935 hoste,
794 1887 838 1925 in
872 1900 1066 1939 campum
1097 1899 1237 1925 rursus
1257 1889 1439 1933 evectus,

136 1944 354 1996 increpans
375 1944 590 1996 ignaviam
611 1944 756 1992 hostis,
778 1958 873 1983 cum
894 1957 1046 1996 magno
1069 1944 1223 1996 gaudio
1251 1946 1296 1982 et
1326 1946 1441 1996 grat-

137 1999 326 2040 ulatione
339 2002 531 2056 Yictorjn
548 2005 683 2040 castra
699 2002 819 2041 redit.
890 2004 928 2041 8.
951 2002 1064 2040 Huic
1080 2014 1232 2053 pugnae
1253 2001 1439 2053 equestri

135 2071 226 2097 rem
246 2057 393 2112 (quam
414 2071 510 2098 vera
541 2060 611 2107 sit,
633 2061 865 2098 communis
888 2057 1042 2113 [certe]
1065 2059 1324 2098 existimatio
1355 2057 1442 2110 est)

135 2115 375 2155 mirabilem
402 2120 514 2156 certe
544 2117 754 2169 adjiciunt
783 2117 955 2170 quidam
986 2115 1182 2155 annales:
1215 2128 1346 2168 quum
1375 2128 1442 2154 re-

135 2172 373 2225 fugientem
418 2174 472 2213 ad
512 2174 660 2213 urbem
702 2175 906 2214 Tauream
947 2173 1146 2214 Claudius
1187 2175 1440 2226 sequeretur,

136 2231 303 2283 patenti
333 2230 521 2271 hostium
551 2235 683 2284 portae
714 2233 932 2271 invectum
963 2244 1037 2284 per
1058 2230 1249 2280 alteram,
1269 2233 1443 2284 stupen-

137 2286 252 2327 tibus
271 2288 476 2328 miraculo
497 2289 702 2338 hostibus,
724 2290 934 2329 intactum
956 2289 1146 2328 evasisse.
