1663 2718
151 141 201 179 ‘22
446 140 560 177 'I'ITI
596 138 735 177 LIVII
772 136 1168 174 HISTORIARUM

151 249 378 290 Marcellus
412 250 533 302 signa
565 261 712 289 cancre
746 247 1057 299 clamoremque
1085 245 1184 286 tolli
1217 259 1265 285 ac
1293 246 1458 298 pedites

153 309 354 360 primum,
371 307 525 346 deinde
546 307 721 358 equite3‚
743 308 901 357 quanto
914 305 1100 343 maximo
1114 305 1283 356 possent
1295 304 1460 355 impetu

152 367 198 404 in
220 366 385 403 hostem
407 376 625 415 erumpere
647 362 787 415 jubet.
853 364 918 401 13.
942 361 1055 402 Satis
1082 361 1253 400 terroris
1278 360 1460 399 tumult-

154 424 287 473 usque
308 422 353 460 in
375 422 510 460 aciem
531 420 717 459 mediam
738 419 986 467 intulerant,
1008 432 1142 471 quum
1164 418 1328 457 duabus
1349 418 1461 456 circa.

153 479 289 532 portis
328 479 377 517 P.
411 477 604 517 Valerius
641 476 817 516 Flaccus
850 480 894 515 et
935 475 978 515 C.
1016 475 1212 514 Aurelius
1251 475 1384 527 legati
1414 475 1461 514 in

155 549 310 575 cornua
329 536 519 575 hostium
540 548 739 587 erupere3
784 536 849 573 14.
881 533 1081 572 addidere
1103 532 1329 572 clamorem
1360 532 1458 571 lixae

155 593 406 645 calonesque
441 595 486 631 et
529 592 612 631 alia
662 592 787 630 ‘amba
815 591 1016 630 custodite
1055 590 1462 642 impedimentorum

156 652 363 703 apposita,
400 652 450 688 ut
485 650 744 702 paucitatem
771 649 954 687 maxime
991 647 1286 699 spernentibus
1319 647 1463 686 Poenis

155 708 342 760 ingentis
374 709 547 759 repente
581 707 790 745 exercitas
832 705 1016 757 speciem
1056 704 1217 743 fecerit.
1283 705 1348 742 15.
1379 703 1464 741 Vix

157 765 354 816 equidem
374 764 512 802 ausim
540 761 937 814 adfirmare—quod
957 761 1134 813 quidam
1155 763 1344 800 auctores
1366 763 1466 799 sunt

155 822 297 860 ——duo
330 820 470 859 millia
504 822 548 859 et
583 820 848 871 octingentos
875 819 1063 858 hostium
1097 831 1221 858 caesos
1253 831 1338 857 non
1369 817 1466 870 plus

156 878 405 931 quingentis
437 877 726 917 Romanorum
760 877 935 915 amissis.
1001 876 1066 915 16.
1099 875 1183 916 Sed
1223 876 1312 914 sive
1345 878 1467 914 tanta

157 937 244 975 sive
266 936 406 975 minor
425 935 606 974 victoria
627 934 726 983 fuit,
748 934 897 986 ingens
919 947 966 973 eo
984 934 1053 973 die
1073 947 1152 981 res,
1173 945 1221 972 ac
1242 933 1381 972 nescio
1413 945 1466 971 an

156 993 342 1032 maxima
354 992 430 1032 illo
447 991 573 1041 bello,
583 995 701 1044 gesta
715 992 784 1040 sit,
799 1004 884 1030 non
896 992 1012 1030 vinci
1026 991 1141 1029 enim
1157 991 1210 1029 ab
1224 989 1467 1029 Hannibale

157 1050 430 1090 vincentibus
452 1049 669 1089 difficilius
690 1049 788 1098 fuit,
810 1051 938 1101 quam
955 1051 1099 1101 postea
1120 1048 1301 1087 vincere.

589 1294 857 1336 CHAPTER
887 1294 1030 1332 XVII.

153 1393 292 1426 Hannib
294 1393 337 1430 il,
353 1403 395 1424 on
411 1392 509 1432 being
525 1390 650 1422 foiled
643 1401 676 1421 in
692 1390 743 1422 his
760 1390 911 1430 Attempt
923 1400 962 1420 on
974 1388 1069 1426 Nola,
1082 1388 1268 1420 withdraw-s
1284 1391 1318 1419 to
1330 1389 1408 1420 Ace
1407 1400 1466 1421 ϊ.ιι.,

199 1437 244 1467 Μ
240 1437 376 1467 arcellus
401 1435 558 1477 punishcs
582 1435 682 1465 above
711 1444 766 1464 sex
769 1437 844 1473 enty
862 1432 1002 1464 Citizcns
1019 1433 1056 1463 of
1079 1431 1165 1463 Nol-2
1189 1431 1290 1463 found
1311 1432 1419 1473 guilty
1435 1434 1471 1464 of

199 1477 606 1519 Trcachery.H1nnibal
635 1487 800 1508 summons
827 1476 883 1506 the
899 1475 1019 1516 People
1033 1475 1068 1506 of
1081 1476 1209 1506 Accrrae
1224 1479 1258 1506 to
1282 1475 1466 1507 sui-render.

201 1523 251 1553 On
268 1522 353 1553 their
369 1522 507 1553 Refusal
527 1521 651 1552 ini-ests
667 1520 752 1551 their
774 1518 857 1559 Ciny.
904 1519 995 1559 They
1013 1528 1125 1559 escape
1147 1523 1182 1549 at
1198 1518 1304 1558 Night
1324 1518 1467 1558 through

198 1565 387 1606 unguardcd
403 1564 555 1596 Portions
572 1564 609 1595 of
629 1563 685 1594 tho
700 1563 834 1603 Enemy
838 1573 852 1593 s
869 1562 912 1592 W
913 1562 996 1592 01ks.
1033 1561 1100 1593 The
1117 1561 1386 1602 Cit5p1undered
1403 1561 1468 1592 and

197 1608 333 1639 buined.
378 1607 549 1639 Hannibal
571 1606 662 1638 leads
683 1605 734 1636 his
751 1606 852 1645 Army
867 1609 900 1636 to
917 1604 1108 1637 Casilinum
1126 1572 1256 1635 wliieh'
1249 1615 1278 1636 ls
1294 1603 1369 1635 held
1387 1604 1458 1647 by
1451 1617 1469 1636 ·ι

199 1651 294 1683 small
307 1652 405 1683 Forcc
422 1651 459 1682 of
471 1651 616 1682 Romans
632 1648 697 1680 and
713 1648 811 1679 ¹illied
827 1648 958 1689 Troops.
963 1657 1066 1679 —13.c
1085 1650 1158 1679 216.

216 1742 254 1780 1.
286 1740 515 1780 HANNIBAL
556 1753 628 1792 spe
668 1740 886 1792 potiundae
930 1739 1051 1780 Nola}
1092 1740 1292 1794 adempta
1332 1755 1466 1794 quum

154 1799 328 1838 Acerras
357 1797 607 1845 recessisset,
639 1797 868 1836 Marcellus
902 1797 1116 1850 extemplo
1152 1797 1305 1838 clausis
1335 1800 1469 1852 portis

155 1855 484 1907 custodibusque
525 1855 754 1907 dispositiS,
795 1868 847 1894 ne
887 1856 982 1908 quis
1018 1855 1300 1908 egrederetur,
1336 1869 1470 1909 quaes·

154 1913 319 1952 tionem
352 1913 397 1952 in
430 1913 520 1951 foro
553 1912 605 1951 dc
638 1912 704 1961 iis,
739 1912 814 1964 qui
837 1912 946 1952 clam
968 1913 1014 1951 in
1035 1912 1259 1966 colloquiis
1281 1914 1467 1954 hostitun

153 1971 336 2019 fuerant,
367 1969 544 2016 habuit;
577 1972 615 2008 2.
638 1982 762 2022 supra
793 1971 1065 2022 septuaginta
1095 1971 1314 2011 damnatos
1344 1971 1470 2024 prod-

154 2029 304 2068 itionis
335 2028 471 2067 securi
502 2028 723 2080 percussit,
755 2027 947 2079 bonaque
977 2040 1124 2066 eorum
1145 2027 1275 2080 jussit
1297 2028 1469 2081 publica

154 2085 301 2139 populi
324 2085 505 2125 Romani
527 2099 628 2133 csse,
652 2087 690 2124 3.
713 2088 758 2124 ct
779 2089 944 2124 summ-51
964 2098 1104 2124 rerum
1126 2086 1291 2125 senatui
1309 2086 1469 2126 tradita

155 2157 253 2182 cum
283 2144 471 2183 exercitu
502 2143 618 2182 omni
651 2143 862 2195 profectus
893 2156 1019 2195 supra
1049 2142 1292 2182 Suessulam
1323 2145 1470 2183 cast-ris

154 2201 303 2254 positis
325 2201 527 2240 consedit.
559 2202 600 2239 4.
623 2200 779 2240 Poenus
810 2200 982 2239 Acerras
1003 2201 1191 2252 primiun
1224 2201 1277 2240 ad
1299 2201 1470 2241 volunt-

154 2259 288 2298 ariam
311 2259 572 2298 deditioncm
595 2261 770 2297 conatus
801 2257 1014 2310 perlicere,
1036 2260 1259 2310 postquam
1282 2258 1469 2298 obstina-

153 2319 220 2355 tos
247 2314 388 2371 [indo]
423 2316 555 2365 videt,
589 2315 778 2355 obsidere
806 2319 933 2367 atque
955 2329 1197 2368 oppugnare
1231 2319 1366 2368 parat.
1429 2319 1468 2356 5.

154 2373 352 2413 Ceterum
369 2373 588 2413 Acerranis
604 2373 697 2425 plus
714 2374 846 2412 animi
861 2374 989 2425 quam
1003 2373 1160 2412 virium
1177 2378 1280 2413 orat.
1318 2374 1470 2426 Itaque

154 2431 374 2485 desperata
408 2431 545 2471 tutela
577 2431 708 2480 urbis,
743 2434 792 2470 ut-
822 2430 1130 2470 circumvallari
1164 2431 1322 2471 moenia
1355 2431 1472 2471 vidc-
