1663 2718
154 149 210 190 62
468 150 582 192 TITI
618 151 673 188 LI
681 151 758 188 VII
795 151 1189 190 HISTORIARUM

159 263 367 304 instruet-:1
382 266 496 304 intra
511 264 678 314 portam
694 262 798 311 acie,
815 276 911 301 cum
932 276 1085 315 magno
1101 262 1293 302 tumultu
1313 263 1468 315 erupit.

161 320 338 372 Aliquot,
350 323 486 374 primo
508 322 674 371 impetu
705 320 885 372 perculsi
907 321 1084 372 caesique
1106 324 1218 368 sunt,
1240 321 1340 360 dein
1372 333 1469 359 con-

161 390 285 416 cursu
305 380 357 418 ad
374 380 611 432 pugnantes
632 377 758 425 facto,
776 379 1035 430 aequatisque
1052 378 1225 427 viribus,
1241 381 1362 417 atrox
1383 391 1470 416 esse

161 436 293 487 coepit
323 450 490 489 pugna3
521 434 891 487 memorabilisque
923 436 1035 474 inter
1055 449 1208 488 paucas
1239 436 1402 482 fuisset,
1423 435 1471 473 ni

162 493 410 544 ingentibus
429 492 624 547 procellis
645 492 799 532 effusus
813 493 948 532 imber
963 493 1203 532 diremisset
1218 495 1469 546 pugnantes.

164 551 204 589 5.
237 551 299 590 Eo
332 552 401 591 die
433 551 654 591 commisso
675 550 840 589 modico
873 552 1117 599 certamine,
1139 554 1267 603 atque
1289 550 1471 589 irritatis

161 609 330 657 animis,
353 610 400 648 in
429 610 578 649 urbem
599 607 794 655 Romani,
816 608 940 647 Poeni
971 609 1016 647 in
1049 611 1197 656 castra,
1219 613 1471 660 receperunt

162 678 274 705 sese:
307 680 406 705 nam
436 667 663 706 Poenorum
695 666 832 717 prima
867 667 1088 717 eruptione
1119 665 1302 718 perculsi
1337 664 1472 703 cecid-

162 727 291 762 erunt
312 724 424 763 haud
454 723 549 776 plus
577 724 704 775 quam
734 723 915 760 trecenti
936 722 1117 761 Romani
1148 723 1471 774 quinquaginta.

164 780 204 819 6.
237 780 379 820 Imber
410 782 630 819 continens
651 793 726 831 per
746 782 915 818 noctem
945 782 1082 819 totam
1102 793 1232 832 usque
1253 780 1305 819 ad
1327 779 1474 818 horam

162 838 336 876 tertiam
351 838 437 877 diei
454 838 715 890 insequentis
731 838 871 875 tenuit
886 851 895 884 3
918 837 1062 890 itaque
1083 850 1339 890 quamquam
1359 841 1475 876 utra-

161 908 244 947 que
264 909 359 948 pars
381 896 498 935 avidi
519 895 762 934 certaminis
794 898 928 942 erant,
950 908 999 934 eo
1031 895 1100 934 die
1127 897 1357 934 tenuerunt
1388 907 1474 934 sese

162 955 308 992 tamen
327 953 619 992 munimentis.
651 952 796 991 Tertio
819 952 888 991 die
910 952 1128 992 Hannibal
1149 956 1314 1005 partem
1336 953 1476 1005 copia-

163 1024 257 1049 rum
278 1011 514 1063 praedatum
535 1012 580 1049 in
602 1023 749 1062 agrmn
770 1009 983 1049 Nolanum
1003 1011 1135 1049 misit.
1198 1011 1236 1050 7.
1260 1010 1380 1058 Quod
1400 1009 1475 1048 ubi

161 1068 467 1108 animadvertit
511 1067 752 1116 Marcellus,
805 1067 1016 1120 extemplo
1064 1069 1110 1106 in
1157 1069 1291 1107 aciem
1335 1067 1475 1120 copias

162 1126 335 1165 eduxit:
368 1139 505 1178 neque
536 1125 755 1165 Hannibal
777 1125 1046 1164 detractavit.
1107 1125 1233 1165 Mille
1256 1125 1342 1164 sere
1362 1138 1476 1177 pass-

162 1196 267 1222 uum
297 1184 411 1222 inter
438 1183 585 1222 urbem
617 1186 738 1221 erant
769 1186 1011 1235 castraque:
1045 1196 1093 1222 eo
1115 1184 1356 1236 spatio—et
1377 1185 1478 1221 sunt

161 1241 307 1280 omnia
323 1241 461 1294 campi
478 1242 590 1280 circa
608 1240 1137 1279 Nolam—concurrerunt.
1181 1243 1220 1280 8.
1243 1239 1410 1280 Clamor
1426 1253 1478 1279 ex

162 1301 283 1351 parte
304 1301 484 1350 utraque
508 1297 696 1337 sublatus
727 1298 938 1350 proximos
960 1311 1010 1337 ex
1032 1297 1273 1337 cohortibus
1295 1298 1363 1346 iis,
1384 1310 1478 1349 quae

162 1357 209 1394 in
230 1369 349 1408 agros
378 1356 613 1409 praedatum
639 1356 842 1403 exierant,
863 1355 917 1394 ad
944 1355 1145 1408 proelium
1169 1355 1262 1408 jam
1284 1358 1478 1395 commis-

162 1426 257 1452 sum
289 1414 514 1453 revocavit.
584 1415 622 1452 9.
655 1413 713 1452 Et
744 1412 903 1452 Nolani
935 1414 1070 1452 aciem
1102 1413 1337 1452 Romanam
1377 1426 1479 1452 aux-

163 1473 303 1518 erunt,
324 1484 427 1523 quos
458 1470 717 1510 collaudatos
748 1469 976 1510 Marcellus
998 1471 1044 1510 in
1065 1470 1263 1510 subsidiis
1294 1474 1404 1510 stare
1435 1472 1480 1510 et

164 1529 326 1567 saucios
348 1542 400 1567 ex
420 1529 510 1568 acie
533 1528 680 1568 efferre
695 1527 840 1581 jussit,
861 1532 1006 1581 pugna
1026 1528 1254 1577 abstinere,
1274 1529 1321 1567 ni
1352 1527 1406 1567 ab
1436 1541 1478 1567 se

163 1586 332 1638 signum
353 1586 624 1639 accepissent.

603 1758 871 1799 CHAPTER
902 1758 1034 1798 XLV.

163 1847 340 1880 Marcellus
356 1845 422 1878 and
437 1845 608 1877 Hannibal
623 1844 837 1886 respectively
854 1855 1029 1887 encourage
1045 1844 1132 1877 their
1148 1846 1387 1888 Troops.-13.c.
1406 1849 1479 1879 215.

226 1925 264 1962 1.
285 1922 495 1961 PROELIUM
511 1923 601 1961 erat
622 1934 773 1973 anceps
789 1935 798 1960 ε
821 1925 982 1960 summa
995 1921 1038 1960 vi
1055 1923 1099 1960 et
1115 1921 1241 1960 duces
1255 1921 1482 1961 hortaban-

160 1981 236 2020 tur
266 1983 311 2019 et
340 1978 501 2018 milites
522 1978 782 2032 pugnabant.
843 1978 1069 2018 Marcellus
1090 1979 1215 2018 victis
1245 1982 1345 2019 ante
1367 1979 1481 2019 diem

163 2038 358 2086 tertium,
373 2037 531 2088 fugatis
552 2039 651 2075 ante
672 2049 824 2088 paucos
846 2036 934 2075 dies
954 2049 979 2075 a
1001 2035 1158 2084 Cumis,
1179 2036 1312 2089 pulsis
1342 2038 1480 2089 priore

163 2106 276 2135 anno
308 2095 361 2135 ab
391 2093 500 2133 Nola
523 2092 618 2148 [ab]
641 2093 790 2133 eodem
811 2107 854 2132 se
876 2093 996 2142 duce,
1018 2093 1160 2133 milite
1191 2093 1291 2142 alio,
1320 2095 1479 2135 instare

159 2153 299 2208 jubet.
363 2154 402 2191 2.
432 2151 530 2191 Non
551 2164 694 2191 omnes
715 2164 802 2191 esse
823 2152 869 2190 in
890 2152 992 2200 acie,
1012 2151 1248 2204 praedantes
1269 2153 1412 2205 vagari
1434 2153 1480 2192 in

165 2223 292 2263 agr03
314 2212 358 2250 et
378 2210 453 2262 qui
467 2212 658 2262 pugnent
679 2221 865 2249 marcere
882 2208 1093 2262 Campana-1
1115 2208 1293 2258 luxmia,
1314 2210 1414 2250 vino
1436 2214 1481 2250 et

165 2268 313 2307 scortis
334 2267 613 2320 omnibusque
634 2266 777 2307 lustris
797 2280 871 2320 per
891 2270 1026 2306 totam
1047 2267 1233 2307 hiemem
1255 2267 1478 2308 confectos.

168 2328 207 2365 3.
239 2325 386 2365 Abisse
419 2324 541 2364 illam
573 2325 662 2364 vim
694 2325 983 2378 vigoremque,
1014 2324 1177 2378 dilapsa
1209 2338 1296 2365 esse
1331 2325 1480 2366 robora

162 2395 387 2435 corporum
431 2383 767 2435 animorumque,
798 2383 952 2435 quibus
982 2382 1175 2435 Pyrenaei
1221 2382 1480 2436 Alpiumque

164 2443 364 2494 superata
384 2439 503 2480 sint
485 2453 619 2493 juga·
609 2470 620 2488 ,
642 2440 844 2493 reliquias
865 2439 1036 2480 illorum
1057 2441 1260 2489 virorum,
1274 2441 1344 2481 vix
1365 2454 1480 2481 aima
