1663 2718
457 131 621 169 LIBER
656 131 813 168 XXIII.
871 130 986 168 CAP.
1016 131 1191 167 XXXII.
1430 133 1480 169 45

177 246 341 282 animos
362 241 589 281 Sardorum
610 255 696 281 esse
718 241 1000 280 diuturnitate
1023 241 1206 293 imperii,
1228 244 1269 279 ot
1291 242 1482 293 proximo

178 300 233 339 iis
253 312 363 338 anno
384 297 532 338 acerbe
562 302 690 350 atque
720 298 842 336 avare
872 298 1143 350 imperatum,
1165 299 1284 350 gravi
1316 298 1482 337 tributo

178 360 225 396 et.
259 355 485 395 collatione
525 355 673 408 iniqua
711 355 915 393 frumenti
956 369 1139 407 pressos;
1190 354 1301 394 nihil
1341 355 1481 395 deesse

179 413 298 453 aliud
327 414 456 465 quam
485 415 715 460 auctorem,
737 412 790 451 ad
820 425 946 464 quem
977 412 1217 451 deficerent.
1282 414 1347 452 10.
1379 412 1482 452 Haec

179 469 442 510 clandestina
472 468 630 522 legatio
661 483 736 522 per
767 470 978 522 principes
1011 470 1136 508 missa
1166 472 1270 516 erat,
1299 470 1483 509 maxime

180 541 275 567 eam
309 540 398 566 rem
425 525 629 566 moliente
665 526 954 579 Hampsicora,
989 527 1064 578 qui
1099 530 1193 566 tum
1229 527 1482 566 auctoritate

180 588 308 637 atque
329 583 478 637 opibus
494 582 619 636 longe
639 584 800 636 primus
822 586 925 623 erat.
989 586 1054 622 11.
1077 583 1156 623 His
1170 584 1332 622 nuntiis
1353 597 1482 636 prope

180 655 264 681 uno
294 644 485 694 tempore
516 641 679 681 turbati
712 642 926 693 erectique
960 640 1187 693 Magonem
1224 654 1321 680 cum
1354 640 1482 680 classe

181 703 255 738 sua
274 699 488 751 copiisque
510 699 555 737 in
577 699 827 751 Hispaniam
847 699 1043 738 mittunt.
1084 700 1148 737 12.
1172 698 1221 737 In
1244 698 1484 738 Sardiniam

181 755 491 796 Hasdrubalem
521 755 719 809 deligunt
748 756 912 804 ducem,
933 759 977 795 et
1006 758 1176 795 tantum
1206 755 1339 795 ferme
1369 756 1484 809 copi-

180 827 315 862 arum,
336 817 545 865 quantum
566 813 755 866 Magoni,
777 813 1020 853 decernunt.

243 873 307 910 13.
340 871 397 909 Et
419 871 563 910 Romae
584 870 788 918 consules,
805 871 1026 910 transactis
1047 870 1185 918 rebus,
1198 883 1292 923 quae
1314 871 1357 909 in
1380 870 1483 909 urbe

180 928 354 980 agendae
387 931 521 975 erant,
542 927 768 967 movebant
787 927 879 980 jam
900 941 987 967 sese
1008 928 1062 967 ad
1082 927 1257 967 bellum.
1321 930 1386 967 14.
1418 928 1484 966 Ti.

181 985 450 1038 Sempronius
482 984 694 1024 militibus
735 984 973 1024 Sinuessam
1004 985 1118 1024 diem
1149 985 1202 1024 ad
1232 985 1484 1024 convenien-

180 1042 284 1082 dum
315 1041 463 1090 edixit,
496 1044 540 1081 et
573 1041 620 1089 Q.
658 1041 829 1089 Fabius,
863 1041 1054 1081 consulto
1085 1042 1202 1094 prins
1243 1046 1404 1090 senatu,
1435 1045 1486 1080 ut

179 1099 394 1139 frumenta
424 1111 568 1138 omnes
598 1112 649 1138 ex
678 1099 790 1152 agris
820 1103 918 1138 ante
950 1099 1046 1138 Kal.
1077 1099 1104 1139 J
1109 1100 1228 1139 unias
1253 1100 1410 1152 primas
1439 1099 1486 1137 111

180 1157 303 1196 urbes
333 1157 519 1195 munitas
551 1156 844 1196 conveherent.
904 1158 969 1196 15.
1007 1156 1089 1203 Qui
1125 1170 1210 1196 non
1243 1157 1486 1204 invexisset,

180 1214 270 1267 ejus
300 1227 342 1253 se
364 1226 514 1266 agrum
545 1213 862 1266 populaturum,
894 1227 1032 1253 servos
1063 1213 1140 1253 sub
1180 1214 1300 1253 hasta
1339 1213 1487 1253 vendi·

180 1276 341 1319 turum,
381 1270 505 1310 villas
554 1271 836 1310 incensurum.
896 1270 961 1310 Ne
1003 1271 1253 1323 praetoribus
1297 1271 1487 1323 quidem,

179 1330 254 1381 qui
275 1329 329 1368 ad
353 1328 426 1380 jus
447 1328 675 1368 dicendum
706 1329 837 1368 creati
875 1332 1007 1376 erant,
1041 1329 1206 1368 vacatio
1242 1342 1266 1367 a
1290 1328 1392 1368 belli
1415 1329 1488 1368 ad-

180 1386 493 1425 ministratione
534 1385 633 1425 data
669 1389 745 1425 est.
822 1386 886 1425 16.
918 1385 1138 1425 Valerium
1178 1388 1400 1438 praetorem
1441 1386 1485 1424 in

180 1443 379 1496 Apuliam
412 1443 473 1482 ire
504 1442 667 1495 placuit
686 1443 739 1482 ad
760 1443 992 1482 exercitum
1013 1456 1038 1482 a
1058 1443 1257 1483 Terentio
1277 1443 1489 1495 aecipien-

180 1501 308 1549 dum3
330 1513 462 1553 quum
476 1513 527 1540 ex
540 1499 687 1540 Sicilia
701 1499 888 1554 legiones
904 1501 1127 1549 venissent,
1148 1501 1201 1540 iis
1222 1501 1488 1554 potissimum

181 1559 247 1598 uti
277 1559 332 1598 ad
361 1558 546 1610 regionis
576 1557 667 1611 ejus
680 1558 923 1611 praesidium
940 1572 951 1605 3
982 1558 1283 1598 Terentianum
1303 1557 1490 1597 militem

181 1617 412 1656 Tarentum
433 1615 551 1655 mitti
568 1628 664 1654 cum
680 1615 823 1668 aliquo
839 1615 1089 1669 legatorum.
1156 1617 1220 1656 17.
1253 1616 1311 1655 Et.
1330 1615 1486 1668 viginti

180 1675 370 1726 quinque
401 1685 527 1712 naves
559 1672 681 1721 datae,
713 1672 867 1725 quibus
913 1686 1030 1712 oram
1064 1673 1327 1713 maritimam
1376 1674 1490 1712 inter

182 1731 458 1771 Brundisium
470 1743 519 1769 ac
535 1730 767 1769 Tarentum
788 1731 922 1769 tutari
943 1734 1095 1783 posset.
1132 1733 1196 1770 18.
1219 1730 1301 1769 Par
1314 1730 1488 1769 navium

182 1801 383 1828 numerus
397 1787 446 1834 Q.
457 1786 609 1827 Fulvio
619 1788 787 1840 praetori
803 1787 961 1827 urbano
975 1788 1167 1827 decret-us
1183 1788 1236 1827 ad
1249 1787 1489 1827 suburbana

183 1846 308 1885 litora
329 1844 522 1884 tutanda.
588 1847 652 1884 19.
690 1844 734 1885 C.
757 1845 956 1885 Terentio
992 1845 1230 1898 proconsuli
1266 1846 1488 1898 negotium

183 1903 345 1951 datum,
367 1906 416 1941 ut
438 1903 482 1941 in
496 1901 652 1942 Piceno
673 1915 772 1955 agro
787 1903 1141 1955 conquisitionem
1153 1901 1345 1941 militum
1360 1902 1488 1941 habc-

183 1964 261 2008 ret,
291 1960 478 2012 locisque
510 1959 576 1999 his
608 1959 802 2012 praesidio
835 1963 956 2000 esset.
1019 1962 1086 2000 20.
1119 1959 1178 1999 Et
1206 1959 1254 1999 T.
1284 1958 1490 2000 Otacilius

184 2017 364 2065 Crassus,
387 2020 610 2070 postquam
641 2017 775 2057 aedem
794 2016 956 2056 Mentis
976 2017 1022 2056 111
1036 2016 1247 2070 Capitolio
1261 2016 1489 2066 dedicavit,

185 2076 229 2115 in
250 2074 443 2116 Siciliam
464 2087 562 2114 cum
582 2075 775 2128 imperio,
796 2075 870 2127 qui
891 2074 1012 2114 classi
1039 2076 1247 2128 praeesset,
1267 2074 1431 2115 missus.
